%YAML 1.1
%TAG !u! tag:unity3d.com,2011:
--- !u!114 &2027134377920472537
MonoBehaviour:
  m_ObjectHideFlags: 0
  m_CorrespondingSourceObject: {fileID: 0}
  m_PrefabInstance: {fileID: 0}
  m_PrefabAsset: {fileID: 0}
  m_GameObject: {fileID: 1133955923639425342}
  m_Enabled: 1
  m_EditorHideFlags: 0
  m_Script: {fileID: 11500000, guid: 56eb0353ae6e5124bb35b17aff880f16, type: 3}
  m_Name: 
  m_EditorClassIdentifier: 
  m_StringReference:
    m_TableReference:
      m_TableCollectionName: GUID:f27378ba44e309b45a21811dbff9a895
    m_TableEntryReference:
      m_KeyId: 14120304640
      m_Key: 
    m_FallbackState: 0
    m_WaitForCompletion: 0
    m_LocalVariables: []
  m_FormatArguments: []
  m_UpdateString:
    m_PersistentCalls:
      m_Calls:
      - m_Target: {fileID: 3124702997055742708}
        m_MethodName: set_text
        m_Mode: 0
        m_Arguments:
          m_ObjectArgument: {fileID: 0}
          m_ObjectArgumentAssemblyTypeName: UnityEngine.Object, UnityEngine
          m_IntArgument: 0
          m_FloatArgument: 0
          m_StringArgument: 
          m_BoolArgument: 0
        m_CallState: 2
  references:
    version: 1
--- !u!1 &1250640541441820462
GameObject:
  m_ObjectHideFlags: 0
  m_CorrespondingSourceObject: {fileID: 0}
  m_PrefabInstance: {fileID: 0}
  m_PrefabAsset: {fileID: 0}
  serializedVersion: 6
  m_Component:
  - component: {fileID: 5416404335725754607}
  - component: {fileID: 1014742019533803110}
  - component: {fileID: 1204565865805823612}
  - component: {fileID: 9073343135104419559}
  - component: {fileID: 3686325655556124230}
  m_Layer: 0
  m_Name: Enthuse
  m_TagString: Untagged
  m_Icon: {fileID: 0}
  m_NavMeshLayer: 0
  m_StaticEditorFlags: 0
  m_IsActive: 1
--- !u!224 &5416404335725754607
RectTransform:
  m_ObjectHideFlags: 0
  m_CorrespondingSourceObject: {fileID: 0}
  m_PrefabInstance: {fileID: 0}
  m_PrefabAsset: {fileID: 0}
  m_GameObject: {fileID: 1250640541441820462}
  m_LocalRotation: {x: -0, y: -0, z: -0, w: 1}
  m_LocalPosition: {x: 0, y: 0, z: -8.57058}
  m_LocalScale: {x: 10, y: 10, z: 1}
  m_Children: []
  m_Father: {fileID: 1148287336786044867}
  m_RootOrder: 1
  m_LocalEulerAnglesHint: {x: 0, y: 0, z: 0}
  m_AnchorMin: {x: 0.5, y: 0.5}
  m_AnchorMax: {x: 0.5, y: 0.5}
  m_AnchoredPosition: {x: -14.3, y: 16.9}
  m_SizeDelta: {x: 67.738525, y: 25.967422}
  m_Pivot: {x: 0.5, y: 0.5}
--- !u!23 &1014742019533803110
MeshRenderer:
  m_ObjectHideFlags: 0
  m_CorrespondingSourceObject: {fileID: 0}
  m_PrefabInstance: {fileID: 0}
  m_PrefabAsset: {fileID: 0}
  m_GameObject: {fileID: 1250640541441820462}
  m_Enabled: 1
  m_CastShadows: 0
  m_ReceiveShadows: 0
  m_DynamicOccludee: 1
  m_MotionVectors: 1
  m_LightProbeUsage: 1
  m_ReflectionProbeUsage: 1
  m_RayTracingMode: 2
  m_RenderingLayerMask: 1
  m_RendererPriority: 0
  m_Materials:
  - {fileID: 1436579652320391855, guid: 520dc288fbf46074b9d851c3efb49ac6, type: 2}
  m_StaticBatchInfo:
    firstSubMesh: 0
    subMeshCount: 0
  m_StaticBatchRoot: {fileID: 0}
  m_ProbeAnchor: {fileID: 0}
  m_LightProbeVolumeOverride: {fileID: 0}
  m_ScaleInLightmap: 1
  m_ReceiveGI: 1
  m_PreserveUVs: 0
  m_IgnoreNormalsForChartDetection: 0
  m_ImportantGI: 0
  m_StitchLightmapSeams: 1
  m_SelectedEditorRenderState: 3
  m_MinimumChartSize: 4
  m_AutoUVMaxDistance: 0.5
  m_AutoUVMaxAngle: 89
  m_LightmapParameters: {fileID: 0}
  m_SortingLayerID: 677658893
  m_SortingLayer: 7
  m_SortingOrder: 1
--- !u!222 &1204565865805823612
CanvasRenderer:
  m_ObjectHideFlags: 0
  m_CorrespondingSourceObject: {fileID: 0}
  m_PrefabInstance: {fileID: 0}
  m_PrefabAsset: {fileID: 0}
  m_GameObject: {fileID: 1250640541441820462}
  m_CullTransparentMesh: 0
--- !u!114 &9073343135104419559
MonoBehaviour:
  m_ObjectHideFlags: 0
  m_CorrespondingSourceObject: {fileID: 0}
  m_PrefabInstance: {fileID: 0}
  m_PrefabAsset: {fileID: 0}
  m_GameObject: {fileID: 1250640541441820462}
  m_Enabled: 1
  m_EditorHideFlags: 0
  m_Script: {fileID: 11500000, guid: 9541d86e2fd84c1d9990edf0852d74ab, type: 3}
  m_Name: 
  m_EditorClassIdentifier: 
  m_Material: {fileID: 0}
  m_Color: {r: 1, g: 1, b: 1, a: 1}
  m_RaycastTarget: 1
  m_Maskable: 1
  m_OnCullStateChanged:
    m_PersistentCalls:
      m_Calls: []
  m_text: <color=#FFDA59>Entusiasmar:</color> <color=#F0DCBB>+2</color> de Dano.
  m_isRightToLeft: 0
  m_fontAsset: {fileID: 11400000, guid: 520dc288fbf46074b9d851c3efb49ac6, type: 2}
  m_sharedMaterial: {fileID: 1436579652320391855, guid: 520dc288fbf46074b9d851c3efb49ac6,
    type: 2}
  m_fontSharedMaterials: []
  m_fontMaterial: {fileID: 0}
  m_fontMaterials: []
  m_fontColor32:
    serializedVersion: 2
    rgba: 4290501872
  m_fontColor: {r: 0.9411765, g: 0.8627451, b: 0.73333335, a: 1}
  m_enableVertexGradient: 0
  m_colorMode: 3
  m_fontColorGradient:
    topLeft: {r: 1, g: 1, b: 1, a: 1}
    topRight: {r: 1, g: 1, b: 1, a: 1}
    bottomLeft: {r: 1, g: 1, b: 1, a: 1}
    bottomRight: {r: 1, g: 1, b: 1, a: 1}
  m_fontColorGradientPreset: {fileID: 0}
  m_spriteAsset: {fileID: 0}
  m_tintAllSprites: 0
  m_StyleSheet: {fileID: 0}
  m_TextStyleHashCode: -1183493901
  m_overrideHtmlColors: 0
  m_faceColor:
    serializedVersion: 2
    rgba: 4294967295
  m_fontSize: 68.8
  m_fontSizeBase: 68.8
  m_fontWeight: 400
  m_enableAutoSizing: 0
  m_fontSizeMin: 18
  m_fontSizeMax: 72
  m_fontStyle: 1
  m_HorizontalAlignment: 2
  m_VerticalAlignment: 1024
  m_textAlignment: 65535
  m_characterSpacing: 0
  m_wordSpacing: 0
  m_lineSpacing: 0
  m_lineSpacingMax: 0
  m_paragraphSpacing: 0
  m_charWidthMaxAdj: 0
  m_enableWordWrapping: 1
  m_wordWrappingRatios: 0.4
  m_overflowMode: 0
  m_linkedTextComponent: {fileID: 0}
  parentLinkedComponent: {fileID: 0}
  m_enableKerning: 1
  m_enableExtraPadding: 0
  checkPaddingRequired: 0
  m_isRichText: 1
  m_parseCtrlCharacters: 1
  m_isOrthographic: 0
  m_isCullingEnabled: 0
  m_horizontalMapping: 0
  m_verticalMapping: 0
  m_uvLineOffset: 0
  m_geometrySortingOrder: 0
  m_IsTextObjectScaleStatic: 0
  m_VertexBufferAutoSizeReduction: 0
  m_useMaxVisibleDescender: 1
  m_pageToDisplay: 1
  m_margin: {x: 0, y: 0, z: 0, w: 0}
  m_isUsingLegacyAnimationComponent: 0
  m_isVolumetricText: 0
  m_hasFontAssetChanged: 0
  m_renderer: {fileID: 1014742019533803110}
  m_maskType: 0
  _SortingLayer: 0
  _SortingLayerID: 0
  _SortingOrder: 0
--- !u!114 &3686325655556124230
MonoBehaviour:
  m_ObjectHideFlags: 0
  m_CorrespondingSourceObject: {fileID: 0}
  m_PrefabInstance: {fileID: 0}
  m_PrefabAsset: {fileID: 0}
  m_GameObject: {fileID: 1250640541441820462}
  m_Enabled: 1
  m_EditorHideFlags: 0
  m_Script: {fileID: 11500000, guid: 56eb0353ae6e5124bb35b17aff880f16, type: 3}
  m_Name: 
  m_EditorClassIdentifier: 
  m_StringReference:
    m_TableReference:
      m_TableCollectionName: GUID:c5893ae37991d9c488a6cd4cbfa30ace
    m_TableEntryReference:
      m_KeyId: 724355793780736
      m_Key: 
    m_FallbackState: 0
    m_WaitForCompletion: 0
    m_LocalVariables:
    - name: dano
      variable:
        id: 0
  m_FormatArguments: []
  m_UpdateString:
    m_PersistentCalls:
      m_Calls:
      - m_Target: {fileID: 9073343135104419559}
        m_MethodName: set_text
        m_Mode: 0
        m_Arguments:
          m_ObjectArgument: {fileID: 0}
          m_ObjectArgumentAssemblyTypeName: UnityEngine.Object, UnityEngine
          m_IntArgument: 0
          m_FloatArgument: 0
          m_StringArgument: 
          m_BoolArgument: 0
        m_CallState: 2
  references:
    version: 1
    00000000:
      type: {class: ObjectVariable, ns: UnityEngine.Localization.SmartFormat.PersistentVariables,
        asm: Unity.Localization}
      data:
        m_Value: {fileID: 5156750505554141222}
--- !u!114 &1955452929772390865
MonoBehaviour:
  m_ObjectHideFlags: 0
  m_CorrespondingSourceObject: {fileID: 0}
  m_PrefabInstance: {fileID: 0}
  m_PrefabAsset: {fileID: 0}
  m_GameObject: {fileID: 2368843871587935899}
  m_Enabled: 1
  m_EditorHideFlags: 0
  m_Script: {fileID: 11500000, guid: 56eb0353ae6e5124bb35b17aff880f16, type: 3}
  m_Name: 
  m_EditorClassIdentifier: 
  m_StringReference:
    m_TableReference:
      m_TableCollectionName: GUID:3c140cc797f5c8b4585bd3189cf3762f
    m_TableEntryReference:
      m_KeyId: 432959307776
      m_Key: 
    m_FallbackState: 0
    m_WaitForCompletion: 0
    m_LocalVariables: []
  m_FormatArguments: []
  m_UpdateString:
    m_PersistentCalls:
      m_Calls:
      - m_Target: {fileID: 4005990702964641425}
        m_MethodName: set_text
        m_Mode: 0
        m_Arguments:
          m_ObjectArgument: {fileID: 0}
          m_ObjectArgumentAssemblyTypeName: UnityEngine.Object, UnityEngine
          m_IntArgument: 0
          m_FloatArgument: 0
          m_StringArgument: 
          m_BoolArgument: 0
        m_CallState: 2
  references:
    version: 1
--- !u!114 &2583956712090308017
MonoBehaviour:
  m_ObjectHideFlags: 0
  m_CorrespondingSourceObject: {fileID: 0}
  m_PrefabInstance: {fileID: 0}
  m_PrefabAsset: {fileID: 0}
  m_GameObject: {fileID: 7120356397755657352}
  m_Enabled: 1
  m_EditorHideFlags: 0
  m_Script: {fileID: 11500000, guid: 56eb0353ae6e5124bb35b17aff880f16, type: 3}
  m_Name: 
  m_EditorClassIdentifier: 
  m_StringReference:
    m_TableReference:
      m_TableCollectionName: GUID:c5893ae37991d9c488a6cd4cbfa30ace
    m_TableEntryReference:
      m_KeyId: 475031323246592
      m_Key: 
    m_FallbackState: 0
    m_WaitForCompletion: 0
    m_LocalVariables:
    - name: dano
      variable:
        id: 0
  m_FormatArguments: []
  m_UpdateString:
    m_PersistentCalls:
      m_Calls:
      - m_Target: {fileID: 9096232892916019331}
        m_MethodName: set_text
        m_Mode: 0
        m_Arguments:
          m_ObjectArgument: {fileID: 0}
          m_ObjectArgumentAssemblyTypeName: UnityEngine.Object, UnityEngine
          m_IntArgument: 0
          m_FloatArgument: 0
          m_StringArgument: 
          m_BoolArgument: 0
        m_CallState: 2
  references:
    version: 1
    00000000:
      type: {class: ObjectVariable, ns: UnityEngine.Localization.SmartFormat.PersistentVariables,
        asm: Unity.Localization}
      data:
        m_Value: {fileID: 5156750505554141222}
--- !u!95 &2967337465679490276
Animator:
  serializedVersion: 3
  m_ObjectHideFlags: 0
  m_CorrespondingSourceObject: {fileID: 0}
  m_PrefabInstance: {fileID: 0}
  m_PrefabAsset: {fileID: 0}
  m_GameObject: {fileID: 8497017385830067634}
  m_Enabled: 1
  m_Avatar: {fileID: 0}
  m_Controller: {fileID: 9100000, guid: 07202247e7cdd9140b18aaedf43c2589, type: 2}
  m_CullingMode: 0
  m_UpdateMode: 0
  m_ApplyRootMotion: 0
  m_LinearVelocityBlending: 0
  m_WarningMessage: 
  m_HasTransformHierarchy: 1
  m_AllowConstantClipSamplingOptimization: 1
  m_KeepAnimatorControllerStateOnDisable: 0
--- !u!114 &5156750505554141222
MonoBehaviour:
  m_ObjectHideFlags: 0
  m_CorrespondingSourceObject: {fileID: 0}
  m_PrefabInstance: {fileID: 0}
  m_PrefabAsset: {fileID: 0}
  m_GameObject: {fileID: 8497017385830067634}
  m_Enabled: 1
  m_EditorHideFlags: 0
  m_Script: {fileID: 11500000, guid: 2f6288fb2670d8349842777aee2028c5, type: 3}
  m_Name: 
  m_EditorClassIdentifier: 
  kind: 0
  hasPassiveEffect: 0
  effectText: "Causa X de dano (2 inicialmente). Cada vez que esta carta for para
    o cemit\xE9rio, ganha +2 de dano."
  battleManager: {fileID: 0}
  playerDeck: {fileID: 0}
  player: {fileID: 0}
  thisCardStatus: {fileID: 0}
  battleUIManagerScript: {fileID: 0}
  destroyOnUse: 0
  sendToGraveyardOnUse: 1
  localizedStrings:
  - {fileID: 2583956712090308017}
  - {fileID: 3686325655556124230}
  dhos: 0000
  damageBoostPerLevel: 020000000300000004000000
  initialDamage: 2
  actualDamage: 2
  otherDamage: 4
--- !u!1001 &7989997042314945127
PrefabInstance:
  m_ObjectHideFlags: 0
  serializedVersion: 2
  m_Modification:
    m_TransformParent: {fileID: 0}
    m_Modifications:
    - target: {fileID: -76767564110982316, guid: a0b06e4202f2ce94c845166a280cb091,
        type: 3}
      propertyPath: card
      value: 
      objectReference: {fileID: 11400000, guid: 0fb7f7154171c8a41aed5f6947bed3a8,
        type: 2}
    - target: {fileID: -76767564110982316, guid: a0b06e4202f2ce94c845166a280cb091,
        type: 3}
      propertyPath: level
      value: 2
      objectReference: {fileID: 0}
    - target: {fileID: -76767564110982316, guid: a0b06e4202f2ce94c845166a280cb091,
        type: 3}
      propertyPath: stars
      value: 
      objectReference: {fileID: 4412407823044063940}
    - target: {fileID: -76767564110982316, guid: a0b06e4202f2ce94c845166a280cb091,
        type: 3}
      propertyPath: animator
      value: 
      objectReference: {fileID: 2967337465679490276}
    - target: {fileID: -76767564110982316, guid: a0b06e4202f2ce94c845166a280cb091,
        type: 3}
      propertyPath: costText
      value: 
      objectReference: {fileID: 9102508914462949385}
    - target: {fileID: -76767564110982316, guid: a0b06e4202f2ce94c845166a280cb091,
        type: 3}
      propertyPath: cardPrefab
      value: 
      objectReference: {fileID: 8497017385830067634}
    - target: {fileID: -76767564110982316, guid: a0b06e4202f2ce94c845166a280cb091,
        type: 3}
      propertyPath: indexOnDeck
      value: 6
      objectReference: {fileID: 0}
    - target: {fileID: -76767564110982316, guid: a0b06e4202f2ce94c845166a280cb091,
        type: 3}
      propertyPath: actionPoints
      value: 1
      objectReference: {fileID: 0}
    - target: {fileID: -76767564110982316, guid: a0b06e4202f2ce94c845166a280cb091,
        type: 3}
      propertyPath: cardDescription
      value: 
      objectReference: {fileID: 0}
    - target: {fileID: -76767564110982316, guid: a0b06e4202f2ce94c845166a280cb091,
        type: 3}
      propertyPath: cardCenterSprite
      value: 
      objectReference: {fileID: 21300000, guid: dd9c1c39b22a1e8c38a38892dedad85e,
        type: 3}
    - target: {fileID: -76767564110982316, guid: a0b06e4202f2ce94c845166a280cb091,
        type: 3}
      propertyPath: cardEffects.Array.size
      value: 1
      objectReference: {fileID: 0}
    - target: {fileID: -76767564110982316, guid: a0b06e4202f2ce94c845166a280cb091,
        type: 3}
      propertyPath: cardDescriptionTransform
      value: 
      objectReference: {fileID: 1148287336786044867}
    - target: {fileID: -76767564110982316, guid: a0b06e4202f2ce94c845166a280cb091,
        type: 3}
      propertyPath: cardEffects.Array.data[0]
      value: 
      objectReference: {fileID: 5156750505554141222}
    - target: {fileID: -76767564110982316, guid: a0b06e4202f2ce94c845166a280cb091,
        type: 3}
      propertyPath: hasUpgradeOnString.Array.size
      value: 2
      objectReference: {fileID: 0}
    - target: {fileID: -76767564110982316, guid: a0b06e4202f2ce94c845166a280cb091,
        type: 3}
      propertyPath: hasUpgradeOnString.Array.data[1]
      value: 1
      objectReference: {fileID: 0}
    - target: {fileID: 763738041, guid: a0b06e4202f2ce94c845166a280cb091, type: 3}
      propertyPath: cardImage
      value: 
      objectReference: {fileID: 0}
    - target: {fileID: 763738041, guid: a0b06e4202f2ce94c845166a280cb091, type: 3}
      propertyPath: m_Enabled
      value: 1
      objectReference: {fileID: 0}
    - target: {fileID: 763738041, guid: a0b06e4202f2ce94c845166a280cb091, type: 3}
      propertyPath: cardAnimator
      value: 
      objectReference: {fileID: 2967337465679490276}
    - target: {fileID: 763738041, guid: a0b06e4202f2ce94c845166a280cb091, type: 3}
      propertyPath: thisCardUnit
      value: 
      objectReference: {fileID: 11400000, guid: 0fb7f7154171c8a41aed5f6947bed3a8,
        type: 2}
    - target: {fileID: 763738041, guid: a0b06e4202f2ce94c845166a280cb091, type: 3}
      propertyPath: shaderHighlight
      value: 
      objectReference: {fileID: 0}
    - target: {fileID: 140260498289543978, guid: a0b06e4202f2ce94c845166a280cb091,
        type: 3}
      propertyPath: m_Sprite
      value: 
      objectReference: {fileID: 21300000, guid: be0d6f0872183344fad8589ede489095,
        type: 3}
    - target: {fileID: 689271607702917502, guid: a0b06e4202f2ce94c845166a280cb091,
        type: 3}
      propertyPath: EventReference.Path
      value: event:/EfeitosSonoros/Cartas/Mexer nas Cartas
      objectReference: {fileID: 0}
    - target: {fileID: 689271607702917502, guid: a0b06e4202f2ce94c845166a280cb091,
        type: 3}
      propertyPath: OverrideMaxDistance
      value: 20
      objectReference: {fileID: 0}
    - target: {fileID: 689271607702917502, guid: a0b06e4202f2ce94c845166a280cb091,
        type: 3}
      propertyPath: OverrideMinDistance
      value: 1
      objectReference: {fileID: 0}
    - target: {fileID: 689271607702917502, guid: a0b06e4202f2ce94c845166a280cb091,
        type: 3}
      propertyPath: EventReference.Guid.Data1
      value: 2108711949
      objectReference: {fileID: 0}
    - target: {fileID: 689271607702917502, guid: a0b06e4202f2ce94c845166a280cb091,
        type: 3}
      propertyPath: EventReference.Guid.Data2
      value: 1291629597
      objectReference: {fileID: 0}
    - target: {fileID: 689271607702917502, guid: a0b06e4202f2ce94c845166a280cb091,
        type: 3}
      propertyPath: EventReference.Guid.Data3
      value: 1458915774
      objectReference: {fileID: 0}
    - target: {fileID: 689271607702917502, guid: a0b06e4202f2ce94c845166a280cb091,
        type: 3}
      propertyPath: EventReference.Guid.Data4
      value: 1504231468
      objectReference: {fileID: 0}
    - target: {fileID: 745759425557727143, guid: a0b06e4202f2ce94c845166a280cb091,
        type: 3}
      propertyPath: m_Sprite
      value: 
      objectReference: {fileID: 21300000, guid: 2fb992d7eb66ff643a0111891d985a36,
        type: 3}
    - target: {fileID: 745759425557727143, guid: a0b06e4202f2ce94c845166a280cb091,
        type: 3}
      propertyPath: m_RaycastTarget
      value: 0
      objectReference: {fileID: 0}
    - target: {fileID: 833420465304891090, guid: a0b06e4202f2ce94c845166a280cb091,
        type: 3}
      propertyPath: m_IsActive
      value: 1
      objectReference: {fileID: 0}
    - target: {fileID: 1215519336268108516, guid: a0b06e4202f2ce94c845166a280cb091,
        type: 3}
      propertyPath: m_text
      value: Causa <color=#F0DCBB>2</color> de Dano.
      objectReference: {fileID: 0}
    - target: {fileID: 1215519336268108516, guid: a0b06e4202f2ce94c845166a280cb091,
        type: 3}
      propertyPath: m_fontSize
      value: 71.3
      objectReference: {fileID: 0}
    - target: {fileID: 1215519336268108516, guid: a0b06e4202f2ce94c845166a280cb091,
        type: 3}
      propertyPath: m_fontSizeBase
      value: 71.3
      objectReference: {fileID: 0}
    - target: {fileID: 1948180334346670035, guid: a0b06e4202f2ce94c845166a280cb091,
        type: 3}
      propertyPath: thisCardUnit
      value: 
      objectReference: {fileID: 11400000, guid: 0fb7f7154171c8a41aed5f6947bed3a8,
        type: 2}
    - target: {fileID: 1948180334346670036, guid: a0b06e4202f2ce94c845166a280cb091,
        type: 3}
      propertyPath: m_Pivot.x
      value: 0.5
      objectReference: {fileID: 0}
    - target: {fileID: 1948180334346670036, guid: a0b06e4202f2ce94c845166a280cb091,
        type: 3}
      propertyPath: m_Pivot.y
      value: 0.5
      objectReference: {fileID: 0}
    - target: {fileID: 1948180334346670036, guid: a0b06e4202f2ce94c845166a280cb091,
        type: 3}
      propertyPath: m_RootOrder
      value: 0
      objectReference: {fileID: 0}
    - target: {fileID: 1948180334346670036, guid: a0b06e4202f2ce94c845166a280cb091,
        type: 3}
      propertyPath: m_AnchorMax.x
      value: 0.5
      objectReference: {fileID: 0}
    - target: {fileID: 1948180334346670036, guid: a0b06e4202f2ce94c845166a280cb091,
        type: 3}
      propertyPath: m_AnchorMax.y
      value: 0.5
      objectReference: {fileID: 0}
    - target: {fileID: 1948180334346670036, guid: a0b06e4202f2ce94c845166a280cb091,
        type: 3}
      propertyPath: m_AnchorMin.x
      value: 0.5
      objectReference: {fileID: 0}
    - target: {fileID: 1948180334346670036, guid: a0b06e4202f2ce94c845166a280cb091,
        type: 3}
      propertyPath: m_AnchorMin.y
      value: 0.5
      objectReference: {fileID: 0}
    - target: {fileID: 1948180334346670036, guid: a0b06e4202f2ce94c845166a280cb091,
        type: 3}
      propertyPath: m_SizeDelta.x
      value: 1500
      objectReference: {fileID: 0}
    - target: {fileID: 1948180334346670036, guid: a0b06e4202f2ce94c845166a280cb091,
        type: 3}
      propertyPath: m_SizeDelta.y
      value: 1880
      objectReference: {fileID: 0}
    - target: {fileID: 1948180334346670036, guid: a0b06e4202f2ce94c845166a280cb091,
        type: 3}
      propertyPath: m_LocalScale.x
      value: 0.1
      objectReference: {fileID: 0}
    - target: {fileID: 1948180334346670036, guid: a0b06e4202f2ce94c845166a280cb091,
        type: 3}
      propertyPath: m_LocalScale.y
      value: 0.1
      objectReference: {fileID: 0}
    - target: {fileID: 1948180334346670036, guid: a0b06e4202f2ce94c845166a280cb091,
        type: 3}
      propertyPath: m_LocalPosition.x
      value: 0
      objectReference: {fileID: 0}
    - target: {fileID: 1948180334346670036, guid: a0b06e4202f2ce94c845166a280cb091,
        type: 3}
      propertyPath: m_LocalPosition.y
      value: 0
      objectReference: {fileID: 0}
    - target: {fileID: 1948180334346670036, guid: a0b06e4202f2ce94c845166a280cb091,
        type: 3}
      propertyPath: m_LocalPosition.z
      value: 90
      objectReference: {fileID: 0}
    - target: {fileID: 1948180334346670036, guid: a0b06e4202f2ce94c845166a280cb091,
        type: 3}
      propertyPath: m_LocalRotation.w
      value: 1
      objectReference: {fileID: 0}
    - target: {fileID: 1948180334346670036, guid: a0b06e4202f2ce94c845166a280cb091,
        type: 3}
      propertyPath: m_LocalRotation.x
      value: 0
      objectReference: {fileID: 0}
    - target: {fileID: 1948180334346670036, guid: a0b06e4202f2ce94c845166a280cb091,
        type: 3}
      propertyPath: m_LocalRotation.y
      value: 0
      objectReference: {fileID: 0}
    - target: {fileID: 1948180334346670036, guid: a0b06e4202f2ce94c845166a280cb091,
        type: 3}
      propertyPath: m_LocalRotation.z
      value: 0
      objectReference: {fileID: 0}
    - target: {fileID: 1948180334346670036, guid: a0b06e4202f2ce94c845166a280cb091,
        type: 3}
      propertyPath: m_AnchoredPosition.x
      value: 0
      objectReference: {fileID: 0}
    - target: {fileID: 1948180334346670036, guid: a0b06e4202f2ce94c845166a280cb091,
        type: 3}
      propertyPath: m_AnchoredPosition.y
      value: 0
      objectReference: {fileID: 0}
    - target: {fileID: 1948180334346670036, guid: a0b06e4202f2ce94c845166a280cb091,
        type: 3}
      propertyPath: m_LocalEulerAnglesHint.x
      value: 0
      objectReference: {fileID: 0}
    - target: {fileID: 1948180334346670036, guid: a0b06e4202f2ce94c845166a280cb091,
        type: 3}
      propertyPath: m_LocalEulerAnglesHint.y
      value: 0
      objectReference: {fileID: 0}
    - target: {fileID: 1948180334346670036, guid: a0b06e4202f2ce94c845166a280cb091,
        type: 3}
      propertyPath: m_LocalEulerAnglesHint.z
      value: 0
      objectReference: {fileID: 0}
    - target: {fileID: 1948180334346670037, guid: a0b06e4202f2ce94c845166a280cb091,
        type: 3}
      propertyPath: m_Name
      value: ATQ_ComeAndGoStone
      objectReference: {fileID: 0}
    - target: {fileID: 2176949599757810743, guid: a0b06e4202f2ce94c845166a280cb091,
        type: 3}
      propertyPath: m_Text
      value: Causa <color=#F0DCBB>2</color> de Dano. <color=#FFDA59>Entusiasmar</color>
        +2 de Dano.
      objectReference: {fileID: 0}
    - target: {fileID: 2176949599757810743, guid: a0b06e4202f2ce94c845166a280cb091,
        type: 3}
      propertyPath: m_FontData.m_FontSize
      value: 80
      objectReference: {fileID: 0}
    - target: {fileID: 2741828914287636848, guid: a0b06e4202f2ce94c845166a280cb091,
        type: 3}
      propertyPath: m_SizeDelta.x
      value: 652.3
      objectReference: {fileID: 0}
    - target: {fileID: 2741828914287636848, guid: a0b06e4202f2ce94c845166a280cb091,
        type: 3}
      propertyPath: m_SizeDelta.y
      value: 357.9
      objectReference: {fileID: 0}
    - target: {fileID: 3054207474464278892, guid: a0b06e4202f2ce94c845166a280cb091,
        type: 3}
      propertyPath: m_IsActive
      value: 1
      objectReference: {fileID: 0}
    - target: {fileID: 5025743578345865363, guid: a0b06e4202f2ce94c845166a280cb091,
        type: 3}
      propertyPath: m_text
      value: Ataque
      objectReference: {fileID: 0}
    - target: {fileID: 5576537100517343380, guid: a0b06e4202f2ce94c845166a280cb091,
        type: 3}
      propertyPath: m_Text
      value: Pedra do Vai e Vem
      objectReference: {fileID: 0}
    - target: {fileID: 5637936127496586492, guid: a0b06e4202f2ce94c845166a280cb091,
        type: 3}
      propertyPath: m_IsActive
      value: 1
      objectReference: {fileID: 0}
    - target: {fileID: 5961980837740955754, guid: a0b06e4202f2ce94c845166a280cb091,
        type: 3}
      propertyPath: m_Sprite
      value: 
      objectReference: {fileID: 21300000, guid: 988e90a30841c89498ace0986f8fcb3b,
        type: 3}
    - target: {fileID: 6043318824238354595, guid: a0b06e4202f2ce94c845166a280cb091,
        type: 3}
      propertyPath: m_Sprite
      value: 
      objectReference: {fileID: 0}
    - target: {fileID: 6043318824238354595, guid: a0b06e4202f2ce94c845166a280cb091,
        type: 3}
      propertyPath: m_WasSpriteAssigned
      value: 0
      objectReference: {fileID: 0}
    - target: {fileID: 6286732348696556266, guid: a0b06e4202f2ce94c845166a280cb091,
        type: 3}
      propertyPath: m_Color.a
      value: 1
      objectReference: {fileID: 0}
    - target: {fileID: 6286732348696556266, guid: a0b06e4202f2ce94c845166a280cb091,
        type: 3}
      propertyPath: m_Enabled
      value: 0
      objectReference: {fileID: 0}
    - target: {fileID: 6447475351095553270, guid: a0b06e4202f2ce94c845166a280cb091,
        type: 3}
      propertyPath: m_text
      value: Pedra do Vai e Vem
      objectReference: {fileID: 0}
    - target: {fileID: 7016244408683133785, guid: a0b06e4202f2ce94c845166a280cb091,
        type: 3}
      propertyPath: m_IsActive
      value: 1
      objectReference: {fileID: 0}
    - target: {fileID: 7040496252044979256, guid: a0b06e4202f2ce94c845166a280cb091,
        type: 3}
      propertyPath: m_Text
      value: Ataque
      objectReference: {fileID: 0}
    - target: {fileID: 7279380758262856005, guid: a0b06e4202f2ce94c845166a280cb091,
        type: 3}
      propertyPath: m_Sprite
      value: 
      objectReference: {fileID: 21300000, guid: be0d6f0872183344fad8589ede489095,
        type: 3}
    - target: {fileID: 7279380758262856005, guid: a0b06e4202f2ce94c845166a280cb091,
        type: 3}
      propertyPath: m_Enabled
      value: 1
      objectReference: {fileID: 0}
    - target: {fileID: 7880491365567682158, guid: a0b06e4202f2ce94c845166a280cb091,
        type: 3}
      propertyPath: m_Sprite
      value: 
      objectReference: {fileID: 21300000, guid: 988e90a30841c89498ace0986f8fcb3b,
        type: 3}
    - target: {fileID: 7880491365567682158, guid: a0b06e4202f2ce94c845166a280cb091,
        type: 3}
      propertyPath: m_SortingOrder
      value: 1
      objectReference: {fileID: 0}
    - target: {fileID: 8597014883771354588, guid: a0b06e4202f2ce94c845166a280cb091,
        type: 3}
      propertyPath: m_Text
      value: 1
      objectReference: {fileID: 0}
    m_RemovedComponents:
    - {fileID: 7296518934501615143, guid: a0b06e4202f2ce94c845166a280cb091, type: 3}
    - {fileID: 2176949599757810743, guid: a0b06e4202f2ce94c845166a280cb091, type: 3}
    - {fileID: 3624994555485511367, guid: a0b06e4202f2ce94c845166a280cb091, type: 3}
  m_SourcePrefab: {fileID: 100100000, guid: a0b06e4202f2ce94c845166a280cb091, type: 3}
--- !u!1 &8497017385830067634 stripped
GameObject:
  m_CorrespondingSourceObject: {fileID: 1948180334346670037, guid: a0b06e4202f2ce94c845166a280cb091,
    type: 3}
  m_PrefabInstance: {fileID: 7989997042314945127}
  m_PrefabAsset: {fileID: 0}
--- !u!114 &9102508914462949385 stripped
MonoBehaviour:
  m_CorrespondingSourceObject: {fileID: 1202655006688191086, guid: a0b06e4202f2ce94c845166a280cb091,
    type: 3}
  m_PrefabInstance: {fileID: 7989997042314945127}
  m_PrefabAsset: {fileID: 0}
  m_GameObject: {fileID: 0}
  m_Enabled: 1
  m_EditorHideFlags: 0
  m_Script: {fileID: 11500000, guid: 9541d86e2fd84c1d9990edf0852d74ab, type: 3}
  m_Name: 
  m_EditorClassIdentifier: 
--- !u!212 &4412407823044063940 stripped
SpriteRenderer:
  m_CorrespondingSourceObject: {fileID: 6043318824238354595, guid: a0b06e4202f2ce94c845166a280cb091,
    type: 3}
  m_PrefabInstance: {fileID: 7989997042314945127}
  m_PrefabAsset: {fileID: 0}
--- !u!4 &1148287336786044867 stripped
Transform:
  m_CorrespondingSourceObject: {fileID: 6993424766030611876, guid: a0b06e4202f2ce94c845166a280cb091,
    type: 3}
  m_PrefabInstance: {fileID: 7989997042314945127}
  m_PrefabAsset: {fileID: 0}
--- !u!1 &7120356397755657352 stripped
GameObject:
  m_CorrespondingSourceObject: {fileID: 878973307859062511, guid: a0b06e4202f2ce94c845166a280cb091,
    type: 3}
  m_PrefabInstance: {fileID: 7989997042314945127}
  m_PrefabAsset: {fileID: 0}
--- !u!114 &9096232892916019331 stripped
MonoBehaviour:
  m_CorrespondingSourceObject: {fileID: 1215519336268108516, guid: a0b06e4202f2ce94c845166a280cb091,
    type: 3}
  m_PrefabInstance: {fileID: 7989997042314945127}
  m_PrefabAsset: {fileID: 0}
  m_GameObject: {fileID: 7120356397755657352}
  m_Enabled: 1
  m_EditorHideFlags: 0
  m_Script: {fileID: 11500000, guid: 9541d86e2fd84c1d9990edf0852d74ab, type: 3}
  m_Name: 
  m_EditorClassIdentifier: 
--- !u!1 &1133955923639425342 stripped
GameObject:
  m_CorrespondingSourceObject: {fileID: 7016244408683133785, guid: a0b06e4202f2ce94c845166a280cb091,
    type: 3}
  m_PrefabInstance: {fileID: 7989997042314945127}
  m_PrefabAsset: {fileID: 0}
--- !u!114 &3124702997055742708 stripped
MonoBehaviour:
  m_CorrespondingSourceObject: {fileID: 5025743578345865363, guid: a0b06e4202f2ce94c845166a280cb091,
    type: 3}
  m_PrefabInstance: {fileID: 7989997042314945127}
  m_PrefabAsset: {fileID: 0}
  m_GameObject: {fileID: 1133955923639425342}
  m_Enabled: 1
  m_EditorHideFlags: 0
  m_Script: {fileID: 11500000, guid: 9541d86e2fd84c1d9990edf0852d74ab, type: 3}
  m_Name: 
  m_EditorClassIdentifier: 
--- !u!1 &2368843871587935899 stripped
GameObject:
  m_CorrespondingSourceObject: {fileID: 5637936127496586492, guid: a0b06e4202f2ce94c845166a280cb091,
    type: 3}
  m_PrefabInstance: {fileID: 7989997042314945127}
  m_PrefabAsset: {fileID: 0}
--- !u!114 &4005990702964641425 stripped
MonoBehaviour:
  m_CorrespondingSourceObject: {fileID: 6447475351095553270, guid: a0b06e4202f2ce94c845166a280cb091,
    type: 3}
  m_PrefabInstance: {fileID: 7989997042314945127}
  m_PrefabAsset: {fileID: 0}
  m_GameObject: {fileID: 2368843871587935899}
  m_Enabled: 1
  m_EditorHideFlags: 0
  m_Script: {fileID: 11500000, guid: 9541d86e2fd84c1d9990edf0852d74ab, type: 3}
  m_Name: 
  m_EditorClassIdentifier: 
