%YAML 1.1
%TAG !u! tag:unity3d.com,2011:
--- !u!114 &956168845745875703
MonoBehaviour:
  m_ObjectHideFlags: 0
  m_CorrespondingSourceObject: {fileID: 0}
  m_PrefabInstance: {fileID: 0}
  m_PrefabAsset: {fileID: 0}
  m_GameObject: {fileID: 597518765478055529}
  m_Enabled: 1
  m_EditorHideFlags: 0
  m_Script: {fileID: 11500000, guid: 9a6610d2e704f1648819acc8d7460285, type: 3}
  m_Name: 
  m_EditorClassIdentifier: 
  CollisionTag: 
  EventReference:
    Guid:
      Data1: -1413016176
      Data2: 1283015196
      Data3: 2042384531
      Data4: -578791574
    Path: "event:/Musicas/Batalha Padr\xE3o"
  Event: 
  PlayEvent: 11
  StopEvent: 12
  AllowFadeout: 1
  TriggerOnce: 0
  Preload: 0
  Params: []
  OverrideAttenuation: 0
  OverrideMinDistance: 1
  OverrideMaxDistance: 20
--- !u!114 &2117401943870583318
MonoBehaviour:
  m_ObjectHideFlags: 0
  m_CorrespondingSourceObject: {fileID: 0}
  m_PrefabInstance: {fileID: 0}
  m_PrefabAsset: {fileID: 0}
  m_GameObject: {fileID: 597518765478055529}
  m_Enabled: 1
  m_EditorHideFlags: 0
  m_Script: {fileID: 11500000, guid: cfabb0440166ab443bba8876756fdfa9, type: 3}
  m_Name: 
  m_EditorClassIdentifier: 
  m_EffectColor: {r: 0, g: 0, b: 0, a: 0.5}
  m_EffectDistance: {x: 1, y: -1}
  m_UseGraphicAlpha: 1
--- !u!114 &2351041977310945349
MonoBehaviour:
  m_ObjectHideFlags: 0
  m_CorrespondingSourceObject: {fileID: 0}
  m_PrefabInstance: {fileID: 0}
  m_PrefabAsset: {fileID: 0}
  m_GameObject: {fileID: 597518765478055529}
  m_Enabled: 1
  m_EditorHideFlags: 0
  m_Script: {fileID: 11500000, guid: 35a89591da8f8a250b43c3e0a1387b09, type: 3}
  m_Name: 
  m_EditorClassIdentifier: 
  enemyActionPatternData:
    enemyStage: 0
    enemyMaxStage: 0
    count: 1
--- !u!114 &6119283599528338541
MonoBehaviour:
  m_ObjectHideFlags: 0
  m_CorrespondingSourceObject: {fileID: 0}
  m_PrefabInstance: {fileID: 0}
  m_PrefabAsset: {fileID: 0}
  m_GameObject: {fileID: 597518765478055529}
  m_Enabled: 1
  m_EditorHideFlags: 0
  m_Script: {fileID: 11500000, guid: af31ade2811b1f146bb4d4135c2a651f, type: 3}
  m_Name: 
  m_EditorClassIdentifier: 
  enemyUnitData:
    savingDialogue: 
    originalHealth: 40
    actualHealth: 40
    actualProtection: 0
    actualPoison: 0
    actualSpecialProtection: 0
    gainedStrength: 0
    actualAttack1: 5
    actualAttack2: 7
    actualAttack3: 0
    actualPoisonPower: 0
    actualProtectionPower: 7
    currentStage: 0
    scale: 1.3
    attack1PerStage: 05000000090000000b000000
    attack2PerStage: 070000000c00000014000000
    attack3PerStage: 000000000000000000000000
    protectionPerStage: 070000000d00000014000000
    healthPerStage: 010000000100000001000000
    specialProtectionPerStage: 000000000000000000000000
  relicDropped: {fileID: 0}
  actionPattern: {fileID: 2351041977310945349}
  normalColor: {r: 0.20392157, g: 1, b: 0.6509804, a: 1}
  damageColor: {r: 1, g: 0.042452812, b: 0.042452812, a: 1}
  poisonColor: {r: 0.33350968, g: 1, b: 0, a: 1}
--- !u!1001 &3994470628949605329
PrefabInstance:
  m_ObjectHideFlags: 0
  serializedVersion: 2
  m_Modification:
    m_TransformParent: {fileID: 0}
    m_Modifications:
    - target: {fileID: 2606658706635637827, guid: af5e5896ba9f1d647a4d87fcfdaffc29,
        type: 3}
      propertyPath: m_Controller
      value: 
      objectReference: {fileID: 0}
    - target: {fileID: 4550295856137803552, guid: af5e5896ba9f1d647a4d87fcfdaffc29,
        type: 3}
      propertyPath: m_IsActive
      value: 0
      objectReference: {fileID: 0}
    - target: {fileID: 4550295856137803558, guid: af5e5896ba9f1d647a4d87fcfdaffc29,
        type: 3}
      propertyPath: m_Sprite
      value: 
      objectReference: {fileID: 21300000, guid: 2d1cdfe8176c33847aa9a8758e79f657,
        type: 3}
    - target: {fileID: 4550295856144594766, guid: af5e5896ba9f1d647a4d87fcfdaffc29,
        type: 3}
      propertyPath: m_IsActive
      value: 0
      objectReference: {fileID: 0}
    - target: {fileID: 4550295856604414506, guid: af5e5896ba9f1d647a4d87fcfdaffc29,
        type: 3}
      propertyPath: m_IsActive
      value: 0
      objectReference: {fileID: 0}
    - target: {fileID: 4550295857659295160, guid: af5e5896ba9f1d647a4d87fcfdaffc29,
        type: 3}
      propertyPath: m_Name
      value: OldResearcherFrog2
      objectReference: {fileID: 0}
    - target: {fileID: 4550295857659295161, guid: af5e5896ba9f1d647a4d87fcfdaffc29,
        type: 3}
      propertyPath: m_Pivot.x
      value: 0.5
      objectReference: {fileID: 0}
    - target: {fileID: 4550295857659295161, guid: af5e5896ba9f1d647a4d87fcfdaffc29,
        type: 3}
      propertyPath: m_Pivot.y
      value: 0.5
      objectReference: {fileID: 0}
    - target: {fileID: 4550295857659295161, guid: af5e5896ba9f1d647a4d87fcfdaffc29,
        type: 3}
      propertyPath: m_RootOrder
      value: 0
      objectReference: {fileID: 0}
    - target: {fileID: 4550295857659295161, guid: af5e5896ba9f1d647a4d87fcfdaffc29,
        type: 3}
      propertyPath: m_AnchorMax.x
      value: 0.5
      objectReference: {fileID: 0}
    - target: {fileID: 4550295857659295161, guid: af5e5896ba9f1d647a4d87fcfdaffc29,
        type: 3}
      propertyPath: m_AnchorMax.y
      value: 0.5
      objectReference: {fileID: 0}
    - target: {fileID: 4550295857659295161, guid: af5e5896ba9f1d647a4d87fcfdaffc29,
        type: 3}
      propertyPath: m_AnchorMin.x
      value: 0.5
      objectReference: {fileID: 0}
    - target: {fileID: 4550295857659295161, guid: af5e5896ba9f1d647a4d87fcfdaffc29,
        type: 3}
      propertyPath: m_AnchorMin.y
      value: 0.5
      objectReference: {fileID: 0}
    - target: {fileID: 4550295857659295161, guid: af5e5896ba9f1d647a4d87fcfdaffc29,
        type: 3}
      propertyPath: m_SizeDelta.x
      value: 104.79413
      objectReference: {fileID: 0}
    - target: {fileID: 4550295857659295161, guid: af5e5896ba9f1d647a4d87fcfdaffc29,
        type: 3}
      propertyPath: m_SizeDelta.y
      value: 256
      objectReference: {fileID: 0}
    - target: {fileID: 4550295857659295161, guid: af5e5896ba9f1d647a4d87fcfdaffc29,
        type: 3}
      propertyPath: m_LocalScale.x
      value: 1.5609866
      objectReference: {fileID: 0}
    - target: {fileID: 4550295857659295161, guid: af5e5896ba9f1d647a4d87fcfdaffc29,
        type: 3}
      propertyPath: m_LocalScale.y
      value: 1.5609866
      objectReference: {fileID: 0}
    - target: {fileID: 4550295857659295161, guid: af5e5896ba9f1d647a4d87fcfdaffc29,
        type: 3}
      propertyPath: m_LocalScale.z
      value: 1.5609866
      objectReference: {fileID: 0}
    - target: {fileID: 4550295857659295161, guid: af5e5896ba9f1d647a4d87fcfdaffc29,
        type: 3}
      propertyPath: m_LocalPosition.x
      value: 0
      objectReference: {fileID: 0}
    - target: {fileID: 4550295857659295161, guid: af5e5896ba9f1d647a4d87fcfdaffc29,
        type: 3}
      propertyPath: m_LocalPosition.y
      value: 0
      objectReference: {fileID: 0}
    - target: {fileID: 4550295857659295161, guid: af5e5896ba9f1d647a4d87fcfdaffc29,
        type: 3}
      propertyPath: m_LocalPosition.z
      value: 0
      objectReference: {fileID: 0}
    - target: {fileID: 4550295857659295161, guid: af5e5896ba9f1d647a4d87fcfdaffc29,
        type: 3}
      propertyPath: m_LocalRotation.w
      value: 1
      objectReference: {fileID: 0}
    - target: {fileID: 4550295857659295161, guid: af5e5896ba9f1d647a4d87fcfdaffc29,
        type: 3}
      propertyPath: m_LocalRotation.x
      value: 0
      objectReference: {fileID: 0}
    - target: {fileID: 4550295857659295161, guid: af5e5896ba9f1d647a4d87fcfdaffc29,
        type: 3}
      propertyPath: m_LocalRotation.y
      value: 0
      objectReference: {fileID: 0}
    - target: {fileID: 4550295857659295161, guid: af5e5896ba9f1d647a4d87fcfdaffc29,
        type: 3}
      propertyPath: m_LocalRotation.z
      value: 0
      objectReference: {fileID: 0}
    - target: {fileID: 4550295857659295161, guid: af5e5896ba9f1d647a4d87fcfdaffc29,
        type: 3}
      propertyPath: m_AnchoredPosition.x
      value: 0
      objectReference: {fileID: 0}
    - target: {fileID: 4550295857659295161, guid: af5e5896ba9f1d647a4d87fcfdaffc29,
        type: 3}
      propertyPath: m_AnchoredPosition.y
      value: -8.9761
      objectReference: {fileID: 0}
    - target: {fileID: 4550295857659295161, guid: af5e5896ba9f1d647a4d87fcfdaffc29,
        type: 3}
      propertyPath: m_LocalEulerAnglesHint.x
      value: 0
      objectReference: {fileID: 0}
    - target: {fileID: 4550295857659295161, guid: af5e5896ba9f1d647a4d87fcfdaffc29,
        type: 3}
      propertyPath: m_LocalEulerAnglesHint.y
      value: 0
      objectReference: {fileID: 0}
    - target: {fileID: 4550295857659295161, guid: af5e5896ba9f1d647a4d87fcfdaffc29,
        type: 3}
      propertyPath: m_LocalEulerAnglesHint.z
      value: 0
      objectReference: {fileID: 0}
    - target: {fileID: 4550295857659295162, guid: af5e5896ba9f1d647a4d87fcfdaffc29,
        type: 3}
      propertyPath: animator
      value: 
      objectReference: {fileID: 8184855484712645143}
    - target: {fileID: 4550295857659295162, guid: af5e5896ba9f1d647a4d87fcfdaffc29,
        type: 3}
      propertyPath: defaultSprite
      value: 
      objectReference: {fileID: 21300000, guid: d1ae4bf36b0eac14fba9e2b12146ded3,
        type: 3}
    - target: {fileID: 4550295857659295162, guid: af5e5896ba9f1d647a4d87fcfdaffc29,
        type: 3}
      propertyPath: thisEnemyCard
      value: 
      objectReference: {fileID: 11400000, guid: cdd79f01df8b02943b5e37178da10fa4,
        type: 2}
    - target: {fileID: 4550295857659295162, guid: af5e5896ba9f1d647a4d87fcfdaffc29,
        type: 3}
      propertyPath: thisEnemyUnit
      value: 
      objectReference: {fileID: 6119283599528338541}
    - target: {fileID: 4550295857659295162, guid: af5e5896ba9f1d647a4d87fcfdaffc29,
        type: 3}
      propertyPath: highlightSprite
      value: 
      objectReference: {fileID: 21300000, guid: d1ae4bf36b0eac14fba9e2b12146ded3,
        type: 3}
    - target: {fileID: 4550295857659295165, guid: af5e5896ba9f1d647a4d87fcfdaffc29,
        type: 3}
      propertyPath: enemyImage
      value: 
      objectReference: {fileID: 0}
    - target: {fileID: 4550295857659295165, guid: af5e5896ba9f1d647a4d87fcfdaffc29,
        type: 3}
      propertyPath: thisCardUnit
      value: 
      objectReference: {fileID: 11400000, guid: cdd79f01df8b02943b5e37178da10fa4,
        type: 2}
    - target: {fileID: 4550295857659295165, guid: af5e5896ba9f1d647a4d87fcfdaffc29,
        type: 3}
      propertyPath: thisEnemyUnit
      value: 
      objectReference: {fileID: 6119283599528338541}
    - target: {fileID: 4550295857659295167, guid: af5e5896ba9f1d647a4d87fcfdaffc29,
        type: 3}
      propertyPath: m_Sprite
      value: 
      objectReference: {fileID: 21300000, guid: 41a0f21ccc2314c43ab63de495b3c3bd,
        type: 3}
    - target: {fileID: 4550295857659295167, guid: af5e5896ba9f1d647a4d87fcfdaffc29,
        type: 3}
      propertyPath: m_Color.b
      value: 1
      objectReference: {fileID: 0}
    - target: {fileID: 4550295857659295167, guid: af5e5896ba9f1d647a4d87fcfdaffc29,
        type: 3}
      propertyPath: m_Color.g
      value: 1
      objectReference: {fileID: 0}
    - target: {fileID: 4550295857659295167, guid: af5e5896ba9f1d647a4d87fcfdaffc29,
        type: 3}
      propertyPath: m_Color.r
      value: 1
      objectReference: {fileID: 0}
    - target: {fileID: 4550295857659295167, guid: af5e5896ba9f1d647a4d87fcfdaffc29,
        type: 3}
      propertyPath: m_Enabled
      value: 0
      objectReference: {fileID: 0}
    - target: {fileID: 5114197385877244358, guid: af5e5896ba9f1d647a4d87fcfdaffc29,
        type: 3}
      propertyPath: m_Enabled
      value: 1
      objectReference: {fileID: 0}
    m_RemovedComponents:
    - {fileID: 2606658706635637827, guid: af5e5896ba9f1d647a4d87fcfdaffc29, type: 3}
    - {fileID: 4550295857659295167, guid: af5e5896ba9f1d647a4d87fcfdaffc29, type: 3}
    - {fileID: 551237571480494269, guid: af5e5896ba9f1d647a4d87fcfdaffc29, type: 3}
  m_SourcePrefab: {fileID: 100100000, guid: af5e5896ba9f1d647a4d87fcfdaffc29, type: 3}
--- !u!1 &597518765478055529 stripped
GameObject:
  m_CorrespondingSourceObject: {fileID: 4550295857659295160, guid: af5e5896ba9f1d647a4d87fcfdaffc29,
    type: 3}
  m_PrefabInstance: {fileID: 3994470628949605329}
  m_PrefabAsset: {fileID: 0}
--- !u!95 &8184855484712645143 stripped
Animator:
  m_CorrespondingSourceObject: {fileID: 5114197385877244358, guid: af5e5896ba9f1d647a4d87fcfdaffc29,
    type: 3}
  m_PrefabInstance: {fileID: 3994470628949605329}
  m_PrefabAsset: {fileID: 0}
