%YAML 1.1
%TAG !u! tag:unity3d.com,2011:
--- !u!114 &786183636755483730
MonoBehaviour:
  m_ObjectHideFlags: 0
  m_CorrespondingSourceObject: {fileID: 0}
  m_PrefabInstance: {fileID: 0}
  m_PrefabAsset: {fileID: 0}
  m_GameObject: {fileID: 597518765478055529}
  m_Enabled: 1
  m_EditorHideFlags: 0
  m_Script: {fileID: 11500000, guid: c398f2635f3c97f408e8a6f046b861a0, type: 3}
  m_Name: 
  m_EditorClassIdentifier: 
  enemyActionPatternData:
    enemyStage: 0
    enemyMaxStage: 0
    count: 1
--- !u!114 &2117401943870583318
MonoBehaviour:
  m_ObjectHideFlags: 0
  m_CorrespondingSourceObject: {fileID: 0}
  m_PrefabInstance: {fileID: 0}
  m_PrefabAsset: {fileID: 0}
  m_GameObject: {fileID: 597518765478055529}
  m_Enabled: 1
  m_EditorHideFlags: 0
  m_Script: {fileID: 11500000, guid: cfabb0440166ab443bba8876756fdfa9, type: 3}
  m_Name: 
  m_EditorClassIdentifier: 
  m_EffectColor: {r: 0, g: 0, b: 0, a: 0.5}
  m_EffectDistance: {x: 1, y: -1}
  m_UseGraphicAlpha: 1
--- !u!114 &6119283599528338541
MonoBehaviour:
  m_ObjectHideFlags: 0
  m_CorrespondingSourceObject: {fileID: 0}
  m_PrefabInstance: {fileID: 0}
  m_PrefabAsset: {fileID: 0}
  m_GameObject: {fileID: 597518765478055529}
  m_Enabled: 1
  m_EditorHideFlags: 0
  m_Script: {fileID: 11500000, guid: af31ade2811b1f146bb4d4135c2a651f, type: 3}
  m_Name: 
  m_EditorClassIdentifier: 
  enemyUnitData:
    savingDialogue: 
    originalHealth: 30
    actualHealth: 30
    actualProtection: 0
    actualPoison: 0
    actualSpecialProtection: 0
    gainedStrength: 0
    actualAttack1: 4
    actualAttack2: 10
    actualAttack3: 0
    actualPoisonPower: 0
    actualProtectionPower: 5
    currentStage: 0
    scale: 2.4
    attack1PerStage: 070000000c00000012000000
    attack2PerStage: 080000000d00000014000000
    attack3PerStage: 000000000000000000000000
    protectionPerStage: 050000000600000007000000
    healthPerStage: 190000003c00000064000000
    specialProtectionPerStage: 0a0000000800000007000000
  relicDropped: {fileID: 0}
  actionPattern: {fileID: 786183636755483730}
  normalColor: {r: 1, g: 1, b: 1, a: 1}
  damageColor: {r: 1, g: 0.042452812, b: 0.042452812, a: 1}
  poisonColor: {r: 0.33350968, g: 1, b: 0, a: 1}
--- !u!1001 &3994470628949605329
PrefabInstance:
  m_ObjectHideFlags: 0
  serializedVersion: 2
  m_Modification:
    m_TransformParent: {fileID: 0}
    m_Modifications:
    - target: {fileID: 1543635017923394144, guid: af5e5896ba9f1d647a4d87fcfdaffc29,
        type: 3}
      propertyPath: m_LocalScale.x
      value: 28.1208
      objectReference: {fileID: 0}
    - target: {fileID: 1543635017923394144, guid: af5e5896ba9f1d647a4d87fcfdaffc29,
        type: 3}
      propertyPath: m_LocalScale.y
      value: 28.1208
      objectReference: {fileID: 0}
    - target: {fileID: 1543635017923394144, guid: af5e5896ba9f1d647a4d87fcfdaffc29,
        type: 3}
      propertyPath: m_LocalScale.z
      value: 28.1208
      objectReference: {fileID: 0}
    - target: {fileID: 1543635017923394144, guid: af5e5896ba9f1d647a4d87fcfdaffc29,
        type: 3}
      propertyPath: m_AnchoredPosition.x
      value: -4.8
      objectReference: {fileID: 0}
    - target: {fileID: 1543635017923394144, guid: af5e5896ba9f1d647a4d87fcfdaffc29,
        type: 3}
      propertyPath: m_AnchoredPosition.y
      value: -1.4
      objectReference: {fileID: 0}
    - target: {fileID: 2275955913882417642, guid: af5e5896ba9f1d647a4d87fcfdaffc29,
        type: 3}
      propertyPath: m_Controller
      value: 
      objectReference: {fileID: 9100000, guid: 8664c7ad82338704b90139cd55e6b71b, type: 2}
    - target: {fileID: 2606658706635637827, guid: af5e5896ba9f1d647a4d87fcfdaffc29,
        type: 3}
      propertyPath: m_Controller
      value: 
      objectReference: {fileID: 0}
    - target: {fileID: 3193238160605509652, guid: af5e5896ba9f1d647a4d87fcfdaffc29,
        type: 3}
      propertyPath: m_IsActive
      value: 0
      objectReference: {fileID: 0}
    - target: {fileID: 3746299118995445274, guid: af5e5896ba9f1d647a4d87fcfdaffc29,
        type: 3}
      propertyPath: m_Sprite
      value: 
      objectReference: {fileID: 21300000, guid: 057ede47dbf6cfb41869b5ff7039c98e,
        type: 3}
    - target: {fileID: 3746299118995445274, guid: af5e5896ba9f1d647a4d87fcfdaffc29,
        type: 3}
      propertyPath: m_Color.b
      value: 0.2784314
      objectReference: {fileID: 0}
    - target: {fileID: 3746299118995445274, guid: af5e5896ba9f1d647a4d87fcfdaffc29,
        type: 3}
      propertyPath: m_Color.r
      value: 0.8509804
      objectReference: {fileID: 0}
    - target: {fileID: 4550295856137803552, guid: af5e5896ba9f1d647a4d87fcfdaffc29,
        type: 3}
      propertyPath: m_Layer
      value: 5
      objectReference: {fileID: 0}
    - target: {fileID: 4550295856137803552, guid: af5e5896ba9f1d647a4d87fcfdaffc29,
        type: 3}
      propertyPath: m_IsActive
      value: 0
      objectReference: {fileID: 0}
    - target: {fileID: 4550295856137803558, guid: af5e5896ba9f1d647a4d87fcfdaffc29,
        type: 3}
      propertyPath: m_Sprite
      value: 
      objectReference: {fileID: 21300000, guid: 2d1cdfe8176c33847aa9a8758e79f657,
        type: 3}
    - target: {fileID: 4550295856144594766, guid: af5e5896ba9f1d647a4d87fcfdaffc29,
        type: 3}
      propertyPath: m_Layer
      value: 5
      objectReference: {fileID: 0}
    - target: {fileID: 4550295856144594766, guid: af5e5896ba9f1d647a4d87fcfdaffc29,
        type: 3}
      propertyPath: m_IsActive
      value: 0
      objectReference: {fileID: 0}
    - target: {fileID: 4550295856604414506, guid: af5e5896ba9f1d647a4d87fcfdaffc29,
        type: 3}
      propertyPath: m_Layer
      value: 5
      objectReference: {fileID: 0}
    - target: {fileID: 4550295856604414506, guid: af5e5896ba9f1d647a4d87fcfdaffc29,
        type: 3}
      propertyPath: m_IsActive
      value: 0
      objectReference: {fileID: 0}
    - target: {fileID: 4550295857659295160, guid: af5e5896ba9f1d647a4d87fcfdaffc29,
        type: 3}
      propertyPath: m_Name
      value: Snake
      objectReference: {fileID: 0}
    - target: {fileID: 4550295857659295160, guid: af5e5896ba9f1d647a4d87fcfdaffc29,
        type: 3}
      propertyPath: m_Layer
      value: 5
      objectReference: {fileID: 0}
    - target: {fileID: 4550295857659295160, guid: af5e5896ba9f1d647a4d87fcfdaffc29,
        type: 3}
      propertyPath: m_TagString
      value: Enemy
      objectReference: {fileID: 0}
    - target: {fileID: 4550295857659295161, guid: af5e5896ba9f1d647a4d87fcfdaffc29,
        type: 3}
      propertyPath: m_Pivot.x
      value: 0.5
      objectReference: {fileID: 0}
    - target: {fileID: 4550295857659295161, guid: af5e5896ba9f1d647a4d87fcfdaffc29,
        type: 3}
      propertyPath: m_Pivot.y
      value: 0.5
      objectReference: {fileID: 0}
    - target: {fileID: 4550295857659295161, guid: af5e5896ba9f1d647a4d87fcfdaffc29,
        type: 3}
      propertyPath: m_RootOrder
      value: 0
      objectReference: {fileID: 0}
    - target: {fileID: 4550295857659295161, guid: af5e5896ba9f1d647a4d87fcfdaffc29,
        type: 3}
      propertyPath: m_AnchorMax.x
      value: 0.5
      objectReference: {fileID: 0}
    - target: {fileID: 4550295857659295161, guid: af5e5896ba9f1d647a4d87fcfdaffc29,
        type: 3}
      propertyPath: m_AnchorMax.y
      value: 0.5
      objectReference: {fileID: 0}
    - target: {fileID: 4550295857659295161, guid: af5e5896ba9f1d647a4d87fcfdaffc29,
        type: 3}
      propertyPath: m_AnchorMin.x
      value: 0.5
      objectReference: {fileID: 0}
    - target: {fileID: 4550295857659295161, guid: af5e5896ba9f1d647a4d87fcfdaffc29,
        type: 3}
      propertyPath: m_AnchorMin.y
      value: 0.5
      objectReference: {fileID: 0}
    - target: {fileID: 4550295857659295161, guid: af5e5896ba9f1d647a4d87fcfdaffc29,
        type: 3}
      propertyPath: m_SizeDelta.x
      value: 192
      objectReference: {fileID: 0}
    - target: {fileID: 4550295857659295161, guid: af5e5896ba9f1d647a4d87fcfdaffc29,
        type: 3}
      propertyPath: m_SizeDelta.y
      value: 256
      objectReference: {fileID: 0}
    - target: {fileID: 4550295857659295161, guid: af5e5896ba9f1d647a4d87fcfdaffc29,
        type: 3}
      propertyPath: m_LocalScale.x
      value: 1.5321
      objectReference: {fileID: 0}
    - target: {fileID: 4550295857659295161, guid: af5e5896ba9f1d647a4d87fcfdaffc29,
        type: 3}
      propertyPath: m_LocalScale.y
      value: 1.5321
      objectReference: {fileID: 0}
    - target: {fileID: 4550295857659295161, guid: af5e5896ba9f1d647a4d87fcfdaffc29,
        type: 3}
      propertyPath: m_LocalScale.z
      value: 1.5321
      objectReference: {fileID: 0}
    - target: {fileID: 4550295857659295161, guid: af5e5896ba9f1d647a4d87fcfdaffc29,
        type: 3}
      propertyPath: m_LocalPosition.x
      value: 0
      objectReference: {fileID: 0}
    - target: {fileID: 4550295857659295161, guid: af5e5896ba9f1d647a4d87fcfdaffc29,
        type: 3}
      propertyPath: m_LocalPosition.y
      value: 0
      objectReference: {fileID: 0}
    - target: {fileID: 4550295857659295161, guid: af5e5896ba9f1d647a4d87fcfdaffc29,
        type: 3}
      propertyPath: m_LocalPosition.z
      value: 0
      objectReference: {fileID: 0}
    - target: {fileID: 4550295857659295161, guid: af5e5896ba9f1d647a4d87fcfdaffc29,
        type: 3}
      propertyPath: m_LocalRotation.w
      value: 1
      objectReference: {fileID: 0}
    - target: {fileID: 4550295857659295161, guid: af5e5896ba9f1d647a4d87fcfdaffc29,
        type: 3}
      propertyPath: m_LocalRotation.x
      value: 0
      objectReference: {fileID: 0}
    - target: {fileID: 4550295857659295161, guid: af5e5896ba9f1d647a4d87fcfdaffc29,
        type: 3}
      propertyPath: m_LocalRotation.y
      value: 0
      objectReference: {fileID: 0}
    - target: {fileID: 4550295857659295161, guid: af5e5896ba9f1d647a4d87fcfdaffc29,
        type: 3}
      propertyPath: m_LocalRotation.z
      value: 0
      objectReference: {fileID: 0}
    - target: {fileID: 4550295857659295161, guid: af5e5896ba9f1d647a4d87fcfdaffc29,
        type: 3}
      propertyPath: m_AnchoredPosition.x
      value: 18
      objectReference: {fileID: 0}
    - target: {fileID: 4550295857659295161, guid: af5e5896ba9f1d647a4d87fcfdaffc29,
        type: 3}
      propertyPath: m_AnchoredPosition.y
      value: -8.5143
      objectReference: {fileID: 0}
    - target: {fileID: 4550295857659295161, guid: af5e5896ba9f1d647a4d87fcfdaffc29,
        type: 3}
      propertyPath: m_LocalEulerAnglesHint.x
      value: 0
      objectReference: {fileID: 0}
    - target: {fileID: 4550295857659295161, guid: af5e5896ba9f1d647a4d87fcfdaffc29,
        type: 3}
      propertyPath: m_LocalEulerAnglesHint.y
      value: 0
      objectReference: {fileID: 0}
    - target: {fileID: 4550295857659295161, guid: af5e5896ba9f1d647a4d87fcfdaffc29,
        type: 3}
      propertyPath: m_LocalEulerAnglesHint.z
      value: 0
      objectReference: {fileID: 0}
    - target: {fileID: 4550295857659295162, guid: af5e5896ba9f1d647a4d87fcfdaffc29,
        type: 3}
      propertyPath: animator
      value: 
      objectReference: {fileID: 8184855484712645143}
    - target: {fileID: 4550295857659295162, guid: af5e5896ba9f1d647a4d87fcfdaffc29,
        type: 3}
      propertyPath: defaultSprite
      value: 
      objectReference: {fileID: 21300000, guid: d1ae4bf36b0eac14fba9e2b12146ded3,
        type: 3}
    - target: {fileID: 4550295857659295162, guid: af5e5896ba9f1d647a4d87fcfdaffc29,
        type: 3}
      propertyPath: thisEnemyCard
      value: 
      objectReference: {fileID: 11400000, guid: cdd79f01df8b02943b5e37178da10fa4,
        type: 2}
    - target: {fileID: 4550295857659295162, guid: af5e5896ba9f1d647a4d87fcfdaffc29,
        type: 3}
      propertyPath: thisEnemyUnit
      value: 
      objectReference: {fileID: 6119283599528338541}
    - target: {fileID: 4550295857659295162, guid: af5e5896ba9f1d647a4d87fcfdaffc29,
        type: 3}
      propertyPath: highlightSprite
      value: 
      objectReference: {fileID: 21300000, guid: d1ae4bf36b0eac14fba9e2b12146ded3,
        type: 3}
    - target: {fileID: 4550295857659295164, guid: af5e5896ba9f1d647a4d87fcfdaffc29,
        type: 3}
      propertyPath: m_CullTransparentMesh
      value: 0
      objectReference: {fileID: 0}
    - target: {fileID: 4550295857659295165, guid: af5e5896ba9f1d647a4d87fcfdaffc29,
        type: 3}
      propertyPath: enemyImage
      value: 
      objectReference: {fileID: 0}
    - target: {fileID: 4550295857659295165, guid: af5e5896ba9f1d647a4d87fcfdaffc29,
        type: 3}
      propertyPath: thisCardUnit
      value: 
      objectReference: {fileID: 11400000, guid: cdd79f01df8b02943b5e37178da10fa4,
        type: 2}
    - target: {fileID: 4550295857659295165, guid: af5e5896ba9f1d647a4d87fcfdaffc29,
        type: 3}
      propertyPath: shakeDuration
      value: 1
      objectReference: {fileID: 0}
    - target: {fileID: 4550295857659295165, guid: af5e5896ba9f1d647a4d87fcfdaffc29,
        type: 3}
      propertyPath: shakeStrength
      value: 10
      objectReference: {fileID: 0}
    - target: {fileID: 4550295857659295165, guid: af5e5896ba9f1d647a4d87fcfdaffc29,
        type: 3}
      propertyPath: thisEnemyUnit
      value: 
      objectReference: {fileID: 6119283599528338541}
    - target: {fileID: 4550295857659295165, guid: af5e5896ba9f1d647a4d87fcfdaffc29,
        type: 3}
      propertyPath: enemySpriteRenderer
      value: 
      objectReference: {fileID: 6016344542666060462}
    - target: {fileID: 4550295857659295167, guid: af5e5896ba9f1d647a4d87fcfdaffc29,
        type: 3}
      propertyPath: m_Sprite
      value: 
      objectReference: {fileID: 21300000, guid: 0fc0933a079fe4f158156f1b9116702a,
        type: 3}
    - target: {fileID: 4550295857659295167, guid: af5e5896ba9f1d647a4d87fcfdaffc29,
        type: 3}
      propertyPath: m_Color.b
      value: 1
      objectReference: {fileID: 0}
    - target: {fileID: 4550295857659295167, guid: af5e5896ba9f1d647a4d87fcfdaffc29,
        type: 3}
      propertyPath: m_Color.g
      value: 1
      objectReference: {fileID: 0}
    - target: {fileID: 4550295857659295167, guid: af5e5896ba9f1d647a4d87fcfdaffc29,
        type: 3}
      propertyPath: m_Color.r
      value: 1
      objectReference: {fileID: 0}
    - target: {fileID: 4550295857659295167, guid: af5e5896ba9f1d647a4d87fcfdaffc29,
        type: 3}
      propertyPath: m_Enabled
      value: 0
      objectReference: {fileID: 0}
    m_RemovedComponents:
    - {fileID: 2606658706635637827, guid: af5e5896ba9f1d647a4d87fcfdaffc29, type: 3}
    - {fileID: 4550295857659295167, guid: af5e5896ba9f1d647a4d87fcfdaffc29, type: 3}
    - {fileID: 551237571480494269, guid: af5e5896ba9f1d647a4d87fcfdaffc29, type: 3}
  m_SourcePrefab: {fileID: 100100000, guid: af5e5896ba9f1d647a4d87fcfdaffc29, type: 3}
--- !u!1 &597518765478055529 stripped
GameObject:
  m_CorrespondingSourceObject: {fileID: 4550295857659295160, guid: af5e5896ba9f1d647a4d87fcfdaffc29,
    type: 3}
  m_PrefabInstance: {fileID: 3994470628949605329}
  m_PrefabAsset: {fileID: 0}
--- !u!4 &17421647684578924 stripped
Transform:
  m_CorrespondingSourceObject: {fileID: 3986478671138493885, guid: af5e5896ba9f1d647a4d87fcfdaffc29,
    type: 3}
  m_PrefabInstance: {fileID: 3994470628949605329}
  m_PrefabAsset: {fileID: 0}
--- !u!95 &8184855484712645143 stripped
Animator:
  m_CorrespondingSourceObject: {fileID: 5114197385877244358, guid: af5e5896ba9f1d647a4d87fcfdaffc29,
    type: 3}
  m_PrefabInstance: {fileID: 3994470628949605329}
  m_PrefabAsset: {fileID: 0}
--- !u!1001 &4279445204904677679
PrefabInstance:
  m_ObjectHideFlags: 0
  serializedVersion: 2
  m_Modification:
    m_TransformParent: {fileID: 17421647684578924}
    m_Modifications:
    - target: {fileID: 4257313888410614677, guid: 09f262758a93c1442a17a2d0df6b2448,
        type: 3}
      propertyPath: m_RootOrder
      value: 0
      objectReference: {fileID: 0}
    - target: {fileID: 4257313888410614677, guid: 09f262758a93c1442a17a2d0df6b2448,
        type: 3}
      propertyPath: m_LocalScale.x
      value: 6.5
      objectReference: {fileID: 0}
    - target: {fileID: 4257313888410614677, guid: 09f262758a93c1442a17a2d0df6b2448,
        type: 3}
      propertyPath: m_LocalScale.y
      value: 6.5
      objectReference: {fileID: 0}
    - target: {fileID: 4257313888410614677, guid: 09f262758a93c1442a17a2d0df6b2448,
        type: 3}
      propertyPath: m_LocalPosition.x
      value: 10
      objectReference: {fileID: 0}
    - target: {fileID: 4257313888410614677, guid: 09f262758a93c1442a17a2d0df6b2448,
        type: 3}
      propertyPath: m_LocalPosition.y
      value: -20
      objectReference: {fileID: 0}
    - target: {fileID: 4257313888410614677, guid: 09f262758a93c1442a17a2d0df6b2448,
        type: 3}
      propertyPath: m_LocalPosition.z
      value: 0
      objectReference: {fileID: 0}
    - target: {fileID: 4257313888410614677, guid: 09f262758a93c1442a17a2d0df6b2448,
        type: 3}
      propertyPath: m_LocalRotation.w
      value: 1
      objectReference: {fileID: 0}
    - target: {fileID: 4257313888410614677, guid: 09f262758a93c1442a17a2d0df6b2448,
        type: 3}
      propertyPath: m_LocalRotation.x
      value: 0
      objectReference: {fileID: 0}
    - target: {fileID: 4257313888410614677, guid: 09f262758a93c1442a17a2d0df6b2448,
        type: 3}
      propertyPath: m_LocalRotation.y
      value: 0
      objectReference: {fileID: 0}
    - target: {fileID: 4257313888410614677, guid: 09f262758a93c1442a17a2d0df6b2448,
        type: 3}
      propertyPath: m_LocalRotation.z
      value: 0
      objectReference: {fileID: 0}
    - target: {fileID: 4257313888410614677, guid: 09f262758a93c1442a17a2d0df6b2448,
        type: 3}
      propertyPath: m_LocalEulerAnglesHint.x
      value: 0
      objectReference: {fileID: 0}
    - target: {fileID: 4257313888410614677, guid: 09f262758a93c1442a17a2d0df6b2448,
        type: 3}
      propertyPath: m_LocalEulerAnglesHint.y
      value: 0
      objectReference: {fileID: 0}
    - target: {fileID: 4257313888410614677, guid: 09f262758a93c1442a17a2d0df6b2448,
        type: 3}
      propertyPath: m_LocalEulerAnglesHint.z
      value: 0
      objectReference: {fileID: 0}
    - target: {fileID: 6217968280084341243, guid: 09f262758a93c1442a17a2d0df6b2448,
        type: 3}
      propertyPath: m_Bounds.m_Center.x
      value: -0.0026555061
      objectReference: {fileID: 0}
    - target: {fileID: 6217968280084341243, guid: 09f262758a93c1442a17a2d0df6b2448,
        type: 3}
      propertyPath: m_Bounds.m_Center.y
      value: -0.0021834373
      objectReference: {fileID: 0}
    - target: {fileID: 6217968280084341243, guid: 09f262758a93c1442a17a2d0df6b2448,
        type: 3}
      propertyPath: m_Bounds.m_Extent.x
      value: 5.723614
      objectReference: {fileID: 0}
    - target: {fileID: 6217968280084341243, guid: 09f262758a93c1442a17a2d0df6b2448,
        type: 3}
      propertyPath: m_Bounds.m_Extent.y
      value: 7.2672253
      objectReference: {fileID: 0}
    - target: {fileID: 7767718250376012959, guid: 09f262758a93c1442a17a2d0df6b2448,
        type: 3}
      propertyPath: m_Name
      value: Cobra
      objectReference: {fileID: 0}
    m_RemovedComponents: []
  m_SourcePrefab: {fileID: 100100000, guid: 09f262758a93c1442a17a2d0df6b2448, type: 3}
--- !u!212 &6016344542666060462 stripped
SpriteRenderer:
  m_CorrespondingSourceObject: {fileID: 7502431562960462721, guid: 09f262758a93c1442a17a2d0df6b2448,
    type: 3}
  m_PrefabInstance: {fileID: 4279445204904677679}
  m_PrefabAsset: {fileID: 0}
