%YAML 1.1
%TAG !u! tag:unity3d.com,2011:
--- !u!1 &3677196672218650575
GameObject:
  m_ObjectHideFlags: 0
  m_CorrespondingSourceObject: {fileID: 0}
  m_PrefabInstance: {fileID: 0}
  m_PrefabAsset: {fileID: 0}
  serializedVersion: 6
  m_Component:
  - component: {fileID: 5574403218670743693}
  - component: {fileID: 1217631314266464710}
  m_Layer: 5
  m_Name: Hat
  m_TagString: Untagged
  m_Icon: {fileID: 0}
  m_NavMeshLayer: 0
  m_StaticEditorFlags: 0
  m_IsActive: 1
--- !u!4 &5574403218670743693
Transform:
  m_ObjectHideFlags: 0
  m_CorrespondingSourceObject: {fileID: 0}
  m_PrefabInstance: {fileID: 0}
  m_PrefabAsset: {fileID: 0}
  m_GameObject: {fileID: 3677196672218650575}
  m_LocalRotation: {x: 0, y: 0, z: 0, w: 1}
  m_LocalPosition: {x: 7.9, y: 13.8, z: 0}
  m_LocalScale: {x: 11.127012, y: 11.127012, z: 11.127012}
  m_Children: []
  m_Father: {fileID: 17421647684578924}
  m_RootOrder: 0
  m_LocalEulerAnglesHint: {x: 0, y: 0, z: 0}
--- !u!212 &1217631314266464710
SpriteRenderer:
  m_ObjectHideFlags: 0
  m_CorrespondingSourceObject: {fileID: 0}
  m_PrefabInstance: {fileID: 0}
  m_PrefabAsset: {fileID: 0}
  m_GameObject: {fileID: 3677196672218650575}
  m_Enabled: 1
  m_CastShadows: 0
  m_ReceiveShadows: 0
  m_DynamicOccludee: 1
  m_MotionVectors: 1
  m_LightProbeUsage: 1
  m_ReflectionProbeUsage: 1
  m_RayTracingMode: 0
  m_RenderingLayerMask: 1
  m_RendererPriority: 0
  m_Materials:
  - {fileID: 10754, guid: 0000000000000000f000000000000000, type: 0}
  m_StaticBatchInfo:
    firstSubMesh: 0
    subMeshCount: 0
  m_StaticBatchRoot: {fileID: 0}
  m_ProbeAnchor: {fileID: 0}
  m_LightProbeVolumeOverride: {fileID: 0}
  m_ScaleInLightmap: 1
  m_ReceiveGI: 1
  m_PreserveUVs: 0
  m_IgnoreNormalsForChartDetection: 0
  m_ImportantGI: 0
  m_StitchLightmapSeams: 1
  m_SelectedEditorRenderState: 0
  m_MinimumChartSize: 4
  m_AutoUVMaxDistance: 0.5
  m_AutoUVMaxAngle: 89
  m_LightmapParameters: {fileID: 0}
  m_SortingLayerID: -102779263
  m_SortingLayer: 3
  m_SortingOrder: -1
  m_Sprite: {fileID: 21300000, guid: 34ba2dc7a07279cdfb072f68c6cb67ad, type: 3}
  m_Color: {r: 1, g: 1, b: 1, a: 1}
  m_FlipX: 0
  m_FlipY: 0
  m_DrawMode: 0
  m_Size: {x: 2.81, y: 2.32}
  m_AdaptiveModeThreshold: 0.5
  m_SpriteTileMode: 0
  m_WasSpriteAssigned: 1
  m_MaskInteraction: 0
  m_SpriteSortPoint: 0
--- !u!114 &-6659086896984348918
MonoBehaviour:
  m_ObjectHideFlags: 0
  m_CorrespondingSourceObject: {fileID: 0}
  m_PrefabInstance: {fileID: 0}
  m_PrefabAsset: {fileID: 0}
  m_GameObject: {fileID: 597518765478055529}
  m_Enabled: 1
  m_EditorHideFlags: 0
  m_Script: {fileID: 11500000, guid: 9a6610d2e704f1648819acc8d7460285, type: 3}
  m_Name: 
  m_EditorClassIdentifier: 
  CollisionTag: 
  EventReference:
    Guid:
      Data1: -1413016176
      Data2: 1283015196
      Data3: 2042384531
      Data4: -578791574
    Path: "event:/Musicas/Batalha Padr\xE3o"
  Event: 
  PlayEvent: 11
  StopEvent: 12
  AllowFadeout: 1
  TriggerOnce: 0
  Preload: 0
  Params: []
  OverrideAttenuation: 0
  OverrideMinDistance: 1
  OverrideMaxDistance: 20
--- !u!114 &2117401943870583318
MonoBehaviour:
  m_ObjectHideFlags: 0
  m_CorrespondingSourceObject: {fileID: 0}
  m_PrefabInstance: {fileID: 0}
  m_PrefabAsset: {fileID: 0}
  m_GameObject: {fileID: 597518765478055529}
  m_Enabled: 1
  m_EditorHideFlags: 0
  m_Script: {fileID: 11500000, guid: cfabb0440166ab443bba8876756fdfa9, type: 3}
  m_Name: 
  m_EditorClassIdentifier: 
  m_EffectColor: {r: 0, g: 0, b: 0, a: 0.5}
  m_EffectDistance: {x: 1, y: -1}
  m_UseGraphicAlpha: 1
--- !u!114 &3015134358879780606
MonoBehaviour:
  m_ObjectHideFlags: 0
  m_CorrespondingSourceObject: {fileID: 0}
  m_PrefabInstance: {fileID: 0}
  m_PrefabAsset: {fileID: 0}
  m_GameObject: {fileID: 597518765478055529}
  m_Enabled: 1
  m_EditorHideFlags: 0
  m_Script: {fileID: 11500000, guid: 2a4884b5b12bf6642993fda0a2cb3544, type: 3}
  m_Name: 
  m_EditorClassIdentifier: 
  enemyActionPatternData:
    enemyStage: 0
    enemyMaxStage: 0
    count: 1
  nastyPresentCard: {fileID: 3909049224605205197, guid: 80f266e8a48270425b538a22d6acf43b,
    type: 3}
--- !u!114 &6119283599528338541
MonoBehaviour:
  m_ObjectHideFlags: 0
  m_CorrespondingSourceObject: {fileID: 0}
  m_PrefabInstance: {fileID: 0}
  m_PrefabAsset: {fileID: 0}
  m_GameObject: {fileID: 597518765478055529}
  m_Enabled: 1
  m_EditorHideFlags: 0
  m_Script: {fileID: 11500000, guid: af31ade2811b1f146bb4d4135c2a651f, type: 3}
  m_Name: 
  m_EditorClassIdentifier: 
  enemyUnitData:
    savingDialogue: ME SALVOU
    originalHealth: 30
    actualHealth: 1
    actualProtection: 0
    actualPoison: 0
    actualSpecialProtection: 0
    gainedStrength: 0
    actualAttack1: 7
    actualAttack2: 10
    actualAttack3: 0
    actualPoisonPower: 0
    actualProtectionPower: 7
    currentStage: 0
    scale: 1.4
    attack1PerStage: 070000000a00000000000000
    attack2PerStage: 090000000e00000000000000
    attack3PerStage: 000000000000000000000000
    protectionPerStage: 070000000a0000000f000000
    healthPerStage: 010000000100000001000000
    specialProtectionPerStage: 000000000000000000000000
  relicDropped: {fileID: 11400000, guid: faa2b6d2bfa7a204284f4a26873111f1, type: 2}
  actionPattern: {fileID: 3015134358879780606}
  normalColor: {r: 1, g: 1, b: 1, a: 1}
  damageColor: {r: 1, g: 0.042452812, b: 0.042452812, a: 1}
  poisonColor: {r: 0.33350968, g: 1, b: 0, a: 1}
--- !u!1001 &3994470628949605329
PrefabInstance:
  m_ObjectHideFlags: 0
  serializedVersion: 2
  m_Modification:
    m_TransformParent: {fileID: 0}
    m_Modifications:
    - target: {fileID: 1543635017923394144, guid: af5e5896ba9f1d647a4d87fcfdaffc29,
        type: 3}
      propertyPath: m_LocalScale.x
      value: 22.644968
      objectReference: {fileID: 0}
    - target: {fileID: 1543635017923394144, guid: af5e5896ba9f1d647a4d87fcfdaffc29,
        type: 3}
      propertyPath: m_LocalScale.y
      value: 22.644968
      objectReference: {fileID: 0}
    - target: {fileID: 1543635017923394144, guid: af5e5896ba9f1d647a4d87fcfdaffc29,
        type: 3}
      propertyPath: m_LocalScale.z
      value: 22.644968
      objectReference: {fileID: 0}
    - target: {fileID: 1543635017923394144, guid: af5e5896ba9f1d647a4d87fcfdaffc29,
        type: 3}
      propertyPath: m_AnchoredPosition.x
      value: -8.2
      objectReference: {fileID: 0}
    - target: {fileID: 1543635017923394144, guid: af5e5896ba9f1d647a4d87fcfdaffc29,
        type: 3}
      propertyPath: m_AnchoredPosition.y
      value: -1.8
      objectReference: {fileID: 0}
    - target: {fileID: 2606658706635637827, guid: af5e5896ba9f1d647a4d87fcfdaffc29,
        type: 3}
      propertyPath: m_Controller
      value: 
      objectReference: {fileID: 0}
    - target: {fileID: 3746299118995445274, guid: af5e5896ba9f1d647a4d87fcfdaffc29,
        type: 3}
      propertyPath: m_Sprite
      value: 
      objectReference: {fileID: 21300000, guid: 0fc0933a079fe4f158156f1b9116702a,
        type: 3}
    - target: {fileID: 4550295856137803552, guid: af5e5896ba9f1d647a4d87fcfdaffc29,
        type: 3}
      propertyPath: m_Layer
      value: 5
      objectReference: {fileID: 0}
    - target: {fileID: 4550295856137803552, guid: af5e5896ba9f1d647a4d87fcfdaffc29,
        type: 3}
      propertyPath: m_IsActive
      value: 0
      objectReference: {fileID: 0}
    - target: {fileID: 4550295856137803558, guid: af5e5896ba9f1d647a4d87fcfdaffc29,
        type: 3}
      propertyPath: m_Sprite
      value: 
      objectReference: {fileID: 21300000, guid: 2d1cdfe8176c33847aa9a8758e79f657,
        type: 3}
    - target: {fileID: 4550295856144594766, guid: af5e5896ba9f1d647a4d87fcfdaffc29,
        type: 3}
      propertyPath: m_Layer
      value: 5
      objectReference: {fileID: 0}
    - target: {fileID: 4550295856144594766, guid: af5e5896ba9f1d647a4d87fcfdaffc29,
        type: 3}
      propertyPath: m_IsActive
      value: 0
      objectReference: {fileID: 0}
    - target: {fileID: 4550295856604414506, guid: af5e5896ba9f1d647a4d87fcfdaffc29,
        type: 3}
      propertyPath: m_Layer
      value: 5
      objectReference: {fileID: 0}
    - target: {fileID: 4550295856604414506, guid: af5e5896ba9f1d647a4d87fcfdaffc29,
        type: 3}
      propertyPath: m_IsActive
      value: 0
      objectReference: {fileID: 0}
    - target: {fileID: 4550295857659295160, guid: af5e5896ba9f1d647a4d87fcfdaffc29,
        type: 3}
      propertyPath: m_Name
      value: WolfCook
      objectReference: {fileID: 0}
    - target: {fileID: 4550295857659295160, guid: af5e5896ba9f1d647a4d87fcfdaffc29,
        type: 3}
      propertyPath: m_Layer
      value: 5
      objectReference: {fileID: 0}
    - target: {fileID: 4550295857659295161, guid: af5e5896ba9f1d647a4d87fcfdaffc29,
        type: 3}
      propertyPath: m_Pivot.x
      value: 0.5
      objectReference: {fileID: 0}
    - target: {fileID: 4550295857659295161, guid: af5e5896ba9f1d647a4d87fcfdaffc29,
        type: 3}
      propertyPath: m_Pivot.y
      value: 0.5
      objectReference: {fileID: 0}
    - target: {fileID: 4550295857659295161, guid: af5e5896ba9f1d647a4d87fcfdaffc29,
        type: 3}
      propertyPath: m_RootOrder
      value: 0
      objectReference: {fileID: 0}
    - target: {fileID: 4550295857659295161, guid: af5e5896ba9f1d647a4d87fcfdaffc29,
        type: 3}
      propertyPath: m_AnchorMax.x
      value: 0.5
      objectReference: {fileID: 0}
    - target: {fileID: 4550295857659295161, guid: af5e5896ba9f1d647a4d87fcfdaffc29,
        type: 3}
      propertyPath: m_AnchorMax.y
      value: 0.5
      objectReference: {fileID: 0}
    - target: {fileID: 4550295857659295161, guid: af5e5896ba9f1d647a4d87fcfdaffc29,
        type: 3}
      propertyPath: m_AnchorMin.x
      value: 0.5
      objectReference: {fileID: 0}
    - target: {fileID: 4550295857659295161, guid: af5e5896ba9f1d647a4d87fcfdaffc29,
        type: 3}
      propertyPath: m_AnchorMin.y
      value: 0.5
      objectReference: {fileID: 0}
    - target: {fileID: 4550295857659295161, guid: af5e5896ba9f1d647a4d87fcfdaffc29,
        type: 3}
      propertyPath: m_SizeDelta.x
      value: 192
      objectReference: {fileID: 0}
    - target: {fileID: 4550295857659295161, guid: af5e5896ba9f1d647a4d87fcfdaffc29,
        type: 3}
      propertyPath: m_SizeDelta.y
      value: 256
      objectReference: {fileID: 0}
    - target: {fileID: 4550295857659295161, guid: af5e5896ba9f1d647a4d87fcfdaffc29,
        type: 3}
      propertyPath: m_LocalScale.x
      value: 1.4882725
      objectReference: {fileID: 0}
    - target: {fileID: 4550295857659295161, guid: af5e5896ba9f1d647a4d87fcfdaffc29,
        type: 3}
      propertyPath: m_LocalScale.y
      value: 1.4882725
      objectReference: {fileID: 0}
    - target: {fileID: 4550295857659295161, guid: af5e5896ba9f1d647a4d87fcfdaffc29,
        type: 3}
      propertyPath: m_LocalScale.z
      value: 1.4882725
      objectReference: {fileID: 0}
    - target: {fileID: 4550295857659295161, guid: af5e5896ba9f1d647a4d87fcfdaffc29,
        type: 3}
      propertyPath: m_LocalPosition.x
      value: 0
      objectReference: {fileID: 0}
    - target: {fileID: 4550295857659295161, guid: af5e5896ba9f1d647a4d87fcfdaffc29,
        type: 3}
      propertyPath: m_LocalPosition.y
      value: 0
      objectReference: {fileID: 0}
    - target: {fileID: 4550295857659295161, guid: af5e5896ba9f1d647a4d87fcfdaffc29,
        type: 3}
      propertyPath: m_LocalPosition.z
      value: 0
      objectReference: {fileID: 0}
    - target: {fileID: 4550295857659295161, guid: af5e5896ba9f1d647a4d87fcfdaffc29,
        type: 3}
      propertyPath: m_LocalRotation.w
      value: 1
      objectReference: {fileID: 0}
    - target: {fileID: 4550295857659295161, guid: af5e5896ba9f1d647a4d87fcfdaffc29,
        type: 3}
      propertyPath: m_LocalRotation.x
      value: 0
      objectReference: {fileID: 0}
    - target: {fileID: 4550295857659295161, guid: af5e5896ba9f1d647a4d87fcfdaffc29,
        type: 3}
      propertyPath: m_LocalRotation.y
      value: 0
      objectReference: {fileID: 0}
    - target: {fileID: 4550295857659295161, guid: af5e5896ba9f1d647a4d87fcfdaffc29,
        type: 3}
      propertyPath: m_LocalRotation.z
      value: 0
      objectReference: {fileID: 0}
    - target: {fileID: 4550295857659295161, guid: af5e5896ba9f1d647a4d87fcfdaffc29,
        type: 3}
      propertyPath: m_AnchoredPosition.x
      value: 0
      objectReference: {fileID: 0}
    - target: {fileID: 4550295857659295161, guid: af5e5896ba9f1d647a4d87fcfdaffc29,
        type: 3}
      propertyPath: m_AnchoredPosition.y
      value: -7.8119006
      objectReference: {fileID: 0}
    - target: {fileID: 4550295857659295161, guid: af5e5896ba9f1d647a4d87fcfdaffc29,
        type: 3}
      propertyPath: m_LocalEulerAnglesHint.x
      value: 0
      objectReference: {fileID: 0}
    - target: {fileID: 4550295857659295161, guid: af5e5896ba9f1d647a4d87fcfdaffc29,
        type: 3}
      propertyPath: m_LocalEulerAnglesHint.y
      value: 0
      objectReference: {fileID: 0}
    - target: {fileID: 4550295857659295161, guid: af5e5896ba9f1d647a4d87fcfdaffc29,
        type: 3}
      propertyPath: m_LocalEulerAnglesHint.z
      value: 0
      objectReference: {fileID: 0}
    - target: {fileID: 4550295857659295162, guid: af5e5896ba9f1d647a4d87fcfdaffc29,
        type: 3}
      propertyPath: animator
      value: 
      objectReference: {fileID: 8184855484712645143}
    - target: {fileID: 4550295857659295162, guid: af5e5896ba9f1d647a4d87fcfdaffc29,
        type: 3}
      propertyPath: defaultSprite
      value: 
      objectReference: {fileID: 21300000, guid: d1ae4bf36b0eac14fba9e2b12146ded3,
        type: 3}
    - target: {fileID: 4550295857659295162, guid: af5e5896ba9f1d647a4d87fcfdaffc29,
        type: 3}
      propertyPath: thisEnemyCard
      value: 
      objectReference: {fileID: 11400000, guid: cdd79f01df8b02943b5e37178da10fa4,
        type: 2}
    - target: {fileID: 4550295857659295162, guid: af5e5896ba9f1d647a4d87fcfdaffc29,
        type: 3}
      propertyPath: thisEnemyUnit
      value: 
      objectReference: {fileID: 6119283599528338541}
    - target: {fileID: 4550295857659295162, guid: af5e5896ba9f1d647a4d87fcfdaffc29,
        type: 3}
      propertyPath: highlightSprite
      value: 
      objectReference: {fileID: 21300000, guid: d1ae4bf36b0eac14fba9e2b12146ded3,
        type: 3}
    - target: {fileID: 4550295857659295164, guid: af5e5896ba9f1d647a4d87fcfdaffc29,
        type: 3}
      propertyPath: m_CullTransparentMesh
      value: 0
      objectReference: {fileID: 0}
    - target: {fileID: 4550295857659295165, guid: af5e5896ba9f1d647a4d87fcfdaffc29,
        type: 3}
      propertyPath: enemyImage
      value: 
      objectReference: {fileID: 0}
    - target: {fileID: 4550295857659295165, guid: af5e5896ba9f1d647a4d87fcfdaffc29,
        type: 3}
      propertyPath: thisCardUnit
      value: 
      objectReference: {fileID: 11400000, guid: cdd79f01df8b02943b5e37178da10fa4,
        type: 2}
    - target: {fileID: 4550295857659295165, guid: af5e5896ba9f1d647a4d87fcfdaffc29,
        type: 3}
      propertyPath: thisEnemyUnit
      value: 
      objectReference: {fileID: 6119283599528338541}
    - target: {fileID: 4550295857659295165, guid: af5e5896ba9f1d647a4d87fcfdaffc29,
        type: 3}
      propertyPath: objectsToActivate.Array.size
      value: 1
      objectReference: {fileID: 0}
    - target: {fileID: 4550295857659295165, guid: af5e5896ba9f1d647a4d87fcfdaffc29,
        type: 3}
      propertyPath: objectsToDeactivate.Array.size
      value: 5
      objectReference: {fileID: 0}
    - target: {fileID: 4550295857659295165, guid: af5e5896ba9f1d647a4d87fcfdaffc29,
        type: 3}
      propertyPath: objectsToActivate.Array.data[0]
      value: 
      objectReference: {fileID: 0}
    - target: {fileID: 4550295857659295165, guid: af5e5896ba9f1d647a4d87fcfdaffc29,
        type: 3}
      propertyPath: objectsToDeactivate.Array.data[0]
      value: 
      objectReference: {fileID: 0}
    - target: {fileID: 4550295857659295165, guid: af5e5896ba9f1d647a4d87fcfdaffc29,
        type: 3}
      propertyPath: objectsToDeactivate.Array.data[1]
      value: 
      objectReference: {fileID: 0}
    - target: {fileID: 4550295857659295165, guid: af5e5896ba9f1d647a4d87fcfdaffc29,
        type: 3}
      propertyPath: objectsToDeactivate.Array.data[2]
      value: 
      objectReference: {fileID: 0}
    - target: {fileID: 4550295857659295165, guid: af5e5896ba9f1d647a4d87fcfdaffc29,
        type: 3}
      propertyPath: objectsToDeactivate.Array.data[3]
      value: 
      objectReference: {fileID: 0}
    - target: {fileID: 4550295857659295165, guid: af5e5896ba9f1d647a4d87fcfdaffc29,
        type: 3}
      propertyPath: objectsToDeactivate.Array.data[4]
      value: 
      objectReference: {fileID: 0}
    - target: {fileID: 4550295857659295167, guid: af5e5896ba9f1d647a4d87fcfdaffc29,
        type: 3}
      propertyPath: m_Sprite
      value: 
      objectReference: {fileID: 21300000, guid: 0fc0933a079fe4f158156f1b9116702a,
        type: 3}
    - target: {fileID: 4550295857659295167, guid: af5e5896ba9f1d647a4d87fcfdaffc29,
        type: 3}
      propertyPath: m_Color.b
      value: 1
      objectReference: {fileID: 0}
    - target: {fileID: 4550295857659295167, guid: af5e5896ba9f1d647a4d87fcfdaffc29,
        type: 3}
      propertyPath: m_Color.g
      value: 1
      objectReference: {fileID: 0}
    - target: {fileID: 4550295857659295167, guid: af5e5896ba9f1d647a4d87fcfdaffc29,
        type: 3}
      propertyPath: m_Color.r
      value: 1
      objectReference: {fileID: 0}
    - target: {fileID: 4550295857659295167, guid: af5e5896ba9f1d647a4d87fcfdaffc29,
        type: 3}
      propertyPath: m_Enabled
      value: 0
      objectReference: {fileID: 0}
    m_RemovedComponents:
    - {fileID: 2606658706635637827, guid: af5e5896ba9f1d647a4d87fcfdaffc29, type: 3}
    - {fileID: 4550295857659295167, guid: af5e5896ba9f1d647a4d87fcfdaffc29, type: 3}
  m_SourcePrefab: {fileID: 100100000, guid: af5e5896ba9f1d647a4d87fcfdaffc29, type: 3}
--- !u!1 &597518765478055529 stripped
GameObject:
  m_CorrespondingSourceObject: {fileID: 4550295857659295160, guid: af5e5896ba9f1d647a4d87fcfdaffc29,
    type: 3}
  m_PrefabInstance: {fileID: 3994470628949605329}
  m_PrefabAsset: {fileID: 0}
--- !u!4 &17421647684578924 stripped
Transform:
  m_CorrespondingSourceObject: {fileID: 3986478671138493885, guid: af5e5896ba9f1d647a4d87fcfdaffc29,
    type: 3}
  m_PrefabInstance: {fileID: 3994470628949605329}
  m_PrefabAsset: {fileID: 0}
--- !u!95 &8184855484712645143 stripped
Animator:
  m_CorrespondingSourceObject: {fileID: 5114197385877244358, guid: af5e5896ba9f1d647a4d87fcfdaffc29,
    type: 3}
  m_PrefabInstance: {fileID: 3994470628949605329}
  m_PrefabAsset: {fileID: 0}
